2536 4500
109 249 182 342 7⁶4
408 212 412 225 '
461 241 861 349 cnrrroannra

149 444 239 514 Hal).
251 444 285 511 in
297 443 460 536 sabulosis
471 447 511 513 ad
526 446 663 512 semitas
675 459 738 515 etc.
750 472 814 538 per
827 450 986 538 regiones
1000 450 1189 541 meglsoau‘

190 546 322 621 pestres
343 556 449 620 usque
471 532 514 599 ad
534 524 709 621 Upsaliam
730 535 876 622 passim3
901 537 982 605 dein
1004 539 1066 604 vix
1084 522 1192 607 nisiad

191 622 288 683 maire
308 615 568 707 septentrionale
590 611 649 683 ulri
669 612 877 687 Finmurlrioe
901 622 938 687 in
959 638 981 694 β
1001 616 1083 692 abir.

149 702 296 767 Omnium
325 709 460 769 maxima
486 702 571 767 foliis
600 716 632 766 et
656 708 770 768 fructu.
814 703 900 772 Folia
919 712 1105 795 plerumque
1131 715 1165 774 du

105 791 203 853 lineas
220 794 312 874 longa
332 805 363 855 et
379 796 411 854 iu
427 811 448 870 ῥ’
465 810 529 856 non
552 792 733 876 sesquilin'ea
752 796 905 858 breviora.
939 798 1011 871 Seta
1032 803 1163 885 plerumq

107 881 323 942 semiuncialis.
374 876 502 964 Capsula
535 904 605 941 cum
633 884 780 960 operculo
811 880 934 966 saepius
965 899 1097 969 quatuor
1115 890 1155 951 lin

106 961 205 1047 longa.
250 963 359 1028 Caules
378 968 412 1026 in
431 981 452 1041 β
475 969 547 1029 setis
567 963 728 1049 longiores.

108 1076 202 1169 1596.
226 1076 468 1147 TORTULA
482 1080 752 1165 mucronisoliar
775 1080 870 1147 caule
885 1078 1102 1158 abbreviato,
1124 1085 1173 1152 loli

194 1163 347 1254 oblongis
370 1166 551 1252 cuspidatis
575 1169 730 1232 concavis
750 1169 881 1247 crectis,
906 1172 1045 1256 capsula
1059 1173 1172 1256 oblong

219 1254 386 1320 eristomii
415 1253 502 1317 ciliis
533 1245 574 1317 ad
597 1253 748 1318 medium
777 1278 884 1340 usque
917 1256 1062 1321 coalitis.
1107 1259 1192 1325 Wau

191 1277 277 1413 llnb.
300 1341 393 1428 lopp.
413 1363 447 1403 n.
473 1337 549 1408 558.
595 1339 780 1430 Schwaegr.
803 1341 917 1426 suppl.
932 1365 962 1407 1.
979 1366 1019 1429 p.
1038 1337 1171 1413 156.1.5

151 1422 240 1493 Hab.
275 1427 313 1490 in
344 1417 486 1491 collibus
524 1416 710 1512 subalpinis
744 1420 935 1492 siccissimis
962 1429 1057 1518 Lap
1067 1434 1168 1518 poni

190 1507 402 1580 Lulensis
427 1535 482 1577 ex.
506 1532 555 1596 gr.
580 1513 621 1576 ad
645 1509 843 1599 Qvickjock.

108 1604 123 1611 ”
147 1598 347 1665 Praecedenrt
380 1601 526 1681 proxime
556 1599 656 1659 affinis
687 1618 869 1686 quamquam
903 1617 1030 1684 semper
1055 1604 1170 1663 multoti

105 1691 216 1751 minor.
265 1689 368 1749 Caulis
400 1686 619 1766 inconspicuus
645 1683 684 1747 ob
706 1689 780 1748 lolia
806 1697 907 1748 crecta
934 1699 967 1748 et
993 1687 1143 1751 subimbri

107 1772 176 1856 (uec¹
199 1794 335 1856 unquam
353 1774 514 1857 patentia),
527 1784 637 1855 ‘neque
660 1797 731 1857 oum
751 1776 877 1857 cuspide
896 1775 968 1855 plus
988 1792 1085 1857 quam
1100 1778 1157 1836 line

104 1864 204 1943 longa.
251 1863 323 1922 Seta
350 1855 589 1942 quadrilinear'ls.
612 1854 764 1942 'Capsula
794 1879 951 1943 nunquam
975 1864 1061 1923 linea
1083 1865 1159 1944 longi

104 1950 322 2011 Peristomiuut
344 1955 464 2009 tantum
485 1947 677 2008 armedium
701 1948 862 2025 coalitum,
884 1956 987 2009 totum
1012 1951 1161 2012 albissima

108 2061 201 2152 1591.
227 2061 467 2161 TORTULd
489 2058 643 2128 raratise
667 2066 762 2129 caule
784 2066 941 2168 elongato
965 2066 1097 2150 diviso,
1119 2065 1177 2131 loli'

193 2150 515 2236 oblongo-ellrptrcis
536 2151 719 2215 recurvatis
742 2151 905 2238 pililerrar,
936 2155 1077 2240 capsula
1099 2154 1156 2241 cyli

191 2238 305 2307 drica,·
321 2237 512 2324 peristomii
534 2238 621 2301 ciliis
645 2238 715 2303 basi
738 2241 913 2305 connexis.
947 2244 1089 2307 Swartz
1102 2263 1132 2304 m

188 2348 277 2389 svec.
295 2347 330 2410 p.
352 2322 406 2408 59.
451 2322 509 2388 Sv.
530 2322 610 2388 Bot.
632 2335 657 2392 t.
680 2345 755 2410 170.
798 2323 907 2393 Hook.
928 2337 963 2391 et
985 2327 1132 2414 Tordm

216 2408 297 2475 .31.
319 2419 344 2472 t.
374 2429 421 2471 11.

185 2433 324 2583 ἒιγιιηι
345 2493 459 2559 rurale
483 2487 589 2559 Linn.
611 2516 696 2562 suec.
718 2519 750 2560 n.
773 2515 847 2584 991.
888 2494 1028 2566 Ditlen.
1050 2516 1145 2567 muso.

231 2585 305 2648 Sin.
329 2591 354 2644 t.
375 2583 427 2645 45.
451 2576 488 2665 f.
511 2601 560 2643 11.
905 2640 907 2644 ,
1157 2610 1160 2616 ·

145 2666 237 2736 Hab.
267 2669 304 2731 in
331 2667 424 2731 tectis
450 2666 638 2743 ruralibus,
675 2665 831 2743 collibus,
864 2659 972 2754 petris
999 2672 1101 2757 rupib

191 2754 294 2818 totius
307 2752 449 2821 Svcciae,
467 2763 609 2837 excepta
620 2753 799 2841 Lupponia
811 2754 942 2828 altiore,
964 2757 1093 2842 vulgati
1115 2756 1128 2771 ''

147 2846 272 2906 Muscas
294 2845 327 2903 in
347 2852 411 2900 toto
433 2861 544 2918 genere
565 2843 699 2901 maxime
721 2863 917 2921 squamosus,
936 2840 1192 2925 luscescenutffli

103 2928 141 2992 lis
171 2931 288 2990 albidis.
334 2929 459 2987 fructus
487 2929 693 3007 magnitudine
722 2921 788 2987 lere
817 2941 853 2989 ut
882 2930 915 2989 in
945 2931 972 2989 T
974 2966 982 2989 1
1005 2914 1192 3027 subulsuq‘

104 3021 160 3079 aed
189 3020 258 3075 «ntia
288 3015 460 3096 peristomii
495 3017 559 3074 basi
589 3025 672 3097 rorte
705 3028 833 3094 surgunt
861 3025 893 3075 et
922 3027 1044 3081 tantum
1068 3020 1192 3163 trabib}

102 3105 356 3173 trarrsrersalibus
387 3106 610 3164 connectuntur
634 3092 715 3190 ’(000
740 3098 806 3160 basi
831 3102 1017 3183 jamdudum
1040 3106 1146 3193 spiralia

102 3198 165 3256 tota
187 3193 297 3252 coalita
317 3191 403 3249 utin
425 3190 680 3270 praecedentibus
706 3191 822 3249 duabus
841 3191 1027 3277 speciebusl·

105 3312 200 3401 1598.
225 3307 466 3375 TORTULA
489 3309 656 3371 muralise
691 3307 786 3372 caule
808 3307 1028 3393 abbreviato,
1052 3308 1135 3376 {otiis
1160 3296 1168 3319 ⁶

187 3395 456 3480 nemi-ellipticis
480 3395 672 3483 patentibus
696 3386 861 3481 pililerio‚
882 3398 1023 3482 capsula
1045 3399 1171 3480 oblonga

107 3538 132 3559 „
189 3484 376 3571 peristomii
407 3480 491 3545 ciliis
525 3481 717 3545 subliberis.
773 3478 930 3570 Hedwig
959 3506 1049 3570 spec.
1101 3501 1161 3550 .11

189 3571 298 3637 Hook.
324 3578 357 3634 et
383 3568 484 3655 Tuyl.
506 3590 606 3650 muso
636 3570 868 3653 p·50.t.12.
914 3568 972 3634 W
971 3573 1054 3639 able
1098 3588 1165 3658 1111)

187 3683 221 3725 11.
245 3650 319 3746 739.
357 3655 397 3723 V
394 3666 436 3722 et.
459 3657 523 3720 Ac.
547 3649 681 3718 Handl.
705 3651 797 3720 1806.
819 3675 857 3740 p·
882 3648 955 3724 155.
1014 3658 1018 3665 ’
1156 3734 1163 3744 ι

186 3745 319 3834 Bryum
348 3742 480 3808 murale
510 3739 617 3806 Limi.
644 3738 733 3812 avec·
762 3765 795 3810 11.
821 3740 897 3830 995.
945 3735 1085 3815 Ditlon.

230 3852 266 3923 p.
286 3830 367 3909 5551Ι
386 3840 411 3898 t.
430 3831 484 3917 453
501 3826 540 3917 f·
565 3829 615 3897 140
