2564 4508
120 286 197 382 854
474 276 878 368 crrrro'uAMJA

162 482 255 554 Hab.
286 485 321 552 in
343 487 528 556 corticibus
557 494 775 559 mollioribus
807 498 971 564 arborum
995 493 1114 562 l'rumlo

206 574 354 660 passim
379 608 397 636 a
421 578 552 675 optima
572 579 608 641 in
630 580 814 661 Salicibus;
844 581 924 661 ain
951 582 1112 673 iunipero

207 661 422 748 tpraecipue
444 686 479 726 m
503 663 608 748 Fago.
669 713 674 721 .

164 747 269 828 ltaque
286 750 414 817 ‚demum
434 751 473 811 ad
492 760 671 830 sequentem
691 751 781 811 valde
803 753 931 827 accedit,
951 756 1069 840 vixque
1084 756 1116 816 ni

86 888 88 897 .
121 833 199 893 sutis
225 851 297 894 cnm
320 845 422 896 crusta
443 846 568 917 semper
586 831 821 898 cohaerentibus
845 839 958 900 differt.

93 960 218 1046 ¹175&
249 957 586 1031 ENDOCARPON
617 962 837 1049 lepradiuums
873 973 990 1028 crusta
1019 965 1116 1029 cartil¹

120 1119 126 1127 ,
206 1043 282 1111 alba
303 1068 505 1112 verrucosus
535 1048 691 1113 verrucis
714 1048 889 1115 bursulam
911 1049 1099 1115 solitariam

168 1132 171 1137 ’
205 1127 379 1198 dentibus:
403 1133 612 1219 marginibus
635 1133 810 1220 utriusque
829 1137 969 1200 demum
989 1157 1009 1198 a
1031 1161 1067 1201 se
1086 1139 1116 1200 iu

136 1218 144 1229 '
207 1214 425 1284 solventibus.
450 1249 495 1268 -·
521 1218 648 1284 achar.
674 1222 792 1305 prodr.
822 1239 859 1309 p.
881 1221 934 1287 50.
967 1224 1116 1306 metinp

207 1303 472 1455 §shelotrcmab
504 1302 584 1370 licii.
606 1303 701 1369 univ.
722 1328 758 1394 p.
779 1309 851 1374 512.
885 1325 1068 1395 synops.p
1099 1332 1113 1374 1

236 1387 353 1456 clirod.
374 1391 465 1455 dior.
491 1387 559 1456 bot.
584 1386 727 1457 180101·
747 1415 784 1480 p.
806 1394 860 1482 69.
903 1391 1012 1460 Fries
1031 1418 1101 1462 aas.

208 1478 390 1563 Auregren
412 1470 560 1565 blebing.
587 1497 622 1562 p.
645 1476 697 1560 87.

209 1560 344 1626 Licben
365 1562 514 1627 inclusus
536 1556 643 1650 Eugl.
664 1561 744 1641 Bet.
765 1571 790 1624 t.
813 1559 887 1645 678.

166 1654 201 1725 β.
235 1644 582 1715 scutelliformc:
623 1647 775 1715 verrucis
801 1645 927 1734 apertis
955 1646 993 1711 in
1017 1659 1116 1712 crusti

207 1741 362 1799 tartarea.
411 1730 494 1801 Act.
515 1758 531 1797 a
556 1756 615 1811 n.¹

140 1815 256 1901 Hah.
291 1817 328 1883 in
355 1816 481 1886 cortice
540 1810 652 1907 arpini
680 1811 808 1904 passim
840 1824 874 1879 et
904 1814 984 1880 bino
1018 1816 1116 1879 etiam

151 1898 156 1907 '
199 1903 319 2003 ‘rarius
363 1926 427 1992 per
466 1900 717 1995 provincias
765 1901 1090 1968 meridionales

207 2009 328 2055 riores.

169 2078 316 2152 Quamvis
347 2073 588 2159 aptaccedente
610 2075 691 2138 notis
715 2073 922 2137 artificialibus
951 2073 1100 2136 facillime

121 2175 246 2245 guatur,
278 2174 382 2225 tamen
410 2186 481 2224 cum
511 2164 620 2224 codem
652 2166 717 2225 fere
741 2165 875 2223 confluit
918 2164 987 2222 Nec
1014 2174 1116 2222 notam

122 2262 234 2313 cernui
254 2252 381 2312 invenio
403 2273 493 2331 quam
515 2250 682 2329 marginem
705 2252 858 2330 duplicem
878 2261 1056 2330 separatum
1073 2248 1116 2306 sci

120 2341 237 2399 riorem
260 2339 498 2401 contractiorem
519 2361 534 2394 a
557 2339 692 2414 burmia,
716 2338 902 2397 exteriorem
926 2338 1022 2416 magis
1039 2336 1116 2396 dilati

118 2444 250 2485 verruca
272 2435 384 2498 ortum,
411 2426 522 2505 quibus
542 2422 696 2502 Lepadem
721 2425 786 2483 fere
805 2426 901 2482 refert
921 2424 1000 2483 haec
1022 2424 1116 2504 specie

118 2510 223 2583 ficitur
243 2530 321 2573 vero
340 2511 418 2570 haec
442 2512 595 2591 separatio
616 2531 634 2570 a
654 2522 772 2571 crustae
793 2511 932 2569 verrucis
952 2512 1102 2570 induratis

118 2596 221 2658 tenaci
240 2599 358 2659 arboris
389 2599 525 2676 analogia
557 2618 726 2679 numquam
756 2598 999 2670 collabentibus,
1035 2620 1101 2656 cum

118 2684 265 2744 bursulae
286 2685 423 2744 inclusae
446 2684 539 2763 magis
555 2685 741 2762 gelatinosae
754 2685 921 2762 marginem
938 2702 1030 2742 suum
1048 2685 1116 2743 exsit

117 2770 287 2830 retrahunt
316 2800 360 2819 -·
386 2783 407 2842 β
430 2771 617 2849 marginibus
641 2793 842 2831 verrucarum
862 2772 974 2829 crassis
991 2772 1116 2851 margini

119 2856 256 2918 cularum
276 2859 470 2929 tenuissimas
494 2858 560 2917 iere
584 2860 818 2917 absorbentibus
843 2859 881 2915 ad
899 2858 1110 2936 praecedentis

118 2943 247 3004 modum
272 2946 404 3018 recedit,
438 2964 495 3004 uec
527 2963 640 3022 genere
670 2946 799 3004 naturali
824 2960 962 3024 unquam
991 2946 1116 3026 distiugp

118 3033 191 3089 sunt
211 3038 273 3089 tarn
296 3031 471 3109 contiguae,
490 3030 551 3089 nisi
572 3032 697 3091 omniuo
717 3032 919 3104 confluentes,
948 3031 1075 3116 inrmae.

119 3155 215 3238 1756.
241 3154 306 3220 EN
312 3155 580 3221 DOCARPON
604 3156 816 3242 sinopicume
851 3164 966 3218 crusta
989 3153 1116 3218 arcolatt

204 3241 292 3305 ‹iiata
322 3242 563 3328 sublobataque
586 3241 964 3323 virente-rubiginosa,
999 3239 1116 3303 ostiolis

205 3327 332 3414 pressis
357 3326 472 3409 nigris·
531 3328 704 3394 Wolrleub.
735 3331 828 3414 lnpp.
849 3352 883 3390 u.
907 3328 984 3413 877.
1034 3324 1107 3390 Acir.

206 3435 264 3479 uu.
287 3435 323 3498 p.
350 3435 422 3500 297.
458 3433 588 3500 symp.
609 3412 662 3499 98.

118 3498 252 3562 ···Hab.
274 3498 309 3560 iu
334 3499 500 3585 lapidibus
523 3501 619 3566 siccis
644 3496 782 3563 cariosis
807 3493 966 3560 micaceis
988 3492 1029 3561 ad
1052 3496 1116 3585 latet

118 3608 129 3618 ·
201 3585 299 3681 pium
326 3599 359 3646 et
387 3586 553 3650 montium
580 3583 739 3650 altiorum
773 3583 1011 3670 bapponiae
1039 3597 1114 3665 passi

202 3673 282 3734 inde
312 3672 478 3755 usquead
504 3669 860 3734 Vcrmelaudiam
886 3667 1116 3748 ru1·ius;otian

203 3777 218 3816 s
230 3767 353 3840 trogo
366 3771 372 3818 t
385 3761 404 3818 b
419 3757 464 3818 ise
491 3757 718 3820 observ-atum.

164 3857 196 3916 E.
219 3863 475 3939 smaragdulo
495 3863 558 3941 jam
572 3861 651 3918 inira
670 3861 767 3919 Licin
793 3862 1007 3921 cervinum
1027 3860 1111 3942 posits
