2536 4500
53 352 55 356 λ
112 253 185 327 sos
509 226 830 333 nouorum

196 445 340 536 ubique,
369 448 673 536 Ostrogctbiae
695 447 738 516 ad
759 443 880 526 stata,
906 446 1082 533 Sjsikurnla
1100 451 1121 518 11

194 560 261 626 quc
299 536 409 621 (unde
440 537 482 602 ad
506 537 700 625 tontopiog
734 548 900 621 perventa
922 558 995 604 asse
1017 538 1121 602 videat

191 623 458 691 Ilalekarliae
494 621 531 687 in
565 620 859 709 Osmundsberget
889 623 1121 710 atc.,i'reque1

194 709 468 778 Jemtlandiae
499 708 534 772 iu
559 707 813 793 Hofvarberget,
834 709 1002 795 paroeciae
1027 711 1121 798 Bcrg.

152 813 366 875 Praecedentis
394 812 450 890 vix
475 810 534 870 nisi
566 809 697 870 varietas
719 811 842 887 minor,
872 811 975 872 laxior
999 802 1032 873 et
1054 815 1121 896 palh'

110 898 194 962 Folia
214 902 296 961 linea
318 922 383 962 uon
400 898 520 959 latiora.
566 897 693 959 Culmus
715 897 898 978 digito‘=n0n
919 899 1058 978 longior,
1087 924 1121 984 pr

111 1008 174 1068 pua
196 1008 329 1069 superne
350 987 506 1046 incurvus.
553 981 663 1062 Spicae
684 987 788 1046 nullae
810 985 907 1045 tribus
926 986 1019 1047 lineis
1040 991 1121 1071 longi

110 1075 243 1156 squamis
265 1074 398 1156 pallidis.
443 1069 595 1153 capsulae
617 1070 730 1133 lineam
748 1081 868 1132 tantum
889 1073 1008 1154 longae,

98 1209 205 1293 1067.
239 1207 407 1273 CAREX
433 1207 584 1293 pedatu:
624 1207 725 1296 spicis
761 1207 970 1297 pedicallatis
1002 1210 1121 1298 sparsit

192 1293 384 1384 paucitloris
403 1293 665 1381 approximatis,
689 1294 831 1370 bracteis
851 1295 1121 1381 amplectentibu

189 1379 347 1469 epulatis,
389 1379 535 1469 capsulis
570 1380 781 1465 subglobosis
804 1380 971 1448 *nitidis
1010 1385 1121 1449 aicul

191 1490 251 1532 ore
279 1465 405 1532 bilobo.
456 1466 561 1532 Lina.
590 1488 679 1552 spec.
704 1467 753 1554 pt.
777 1467 829 1534 ed.
852 1489 881 1532 a.
895 1489 937 1620 Ili.
959 1468 1022 1537 138
1048 1516 1057 1535 .
1103 1473 1121 1532 1

140 1634 144 1642 ¹
189 1551 277 1639 len-b.
306 1551 399 1640 lapp.
431 1575 464 1621 n.
495 1549 571 1616 444.
602 1561 629 1620 t.
658 1551 708 1620 14.
758 1552 894 1620 Drinio
929 1542 1121 1637 „ia'Tidst

192 1637 349 1707 Nature.
371 1661 399 1703 1.
422 1659 458 1724 p.
481 1638 552 1704 126.

142 1742 239 1808 Hab.
261 1740 298 1805 in
319 1739 462 1811 collibus
482 1739 579 1805 siccis
602 1738 764 1824 alpium
786 1739 1067 1829 LapponIoarum
1087 1767 1121 1810 ra

114 1876 121 1890 .
191 1838 229 1892 ut
257 1827 291 1891 in
314 1827 450 1910 Kajsats
480 1837 514 1888 et
539 1824 703 1903 Lilltoltin
759 1850 844 1915 rope
874 1827 1121 1910 VirihjaurLt

140 1963 146 1972 ,
191 1912 291 1981 sium.
316 1913 356 1976 ad
374 1912 487 1977 sinum
510 1910 699 1977 Karbotten
721 1850 919 1998 tiarangriae
940 1913 1121 1985 Finmarki

145 2041 148 2050 ·
192 2021 295 2086 supra
321 1997 444 2083 Pasvig
466 2018 585 2064 versus
606 2000 717 2063 lacum
741 1999 963 2065 Enarensem.

14 2129 21 2151 ε
151 2105 278 2165 Cuidam
302 2101 445 2182 proxime
470 2101 570 2161 affinis
593 2102 646 2178 sit,
676 2104 732 2162 rix
754 2114 881 2166 constat
923 2102 972 2163 Ex
992 2106 1121 2166 minimis

107 2193 158 2276 jus
177 2191 321 2253 sectionis
343 2197 451 2269 utpote
472 2189 653 2269 plerumque
675 2191 770 2269 digito
792 2193 912 2252 minore
933 2211 1002 2250 uon
1023 2194 1118 2253 altior.

107 2279 150 2339 lia
172 2279 285 2337 lineam
305 2299 368 2337 nou
388 2277 456 2334 lata.
500 2275 609 2354 Spirae
629 2278 834 2356 utplurimum
859 2277 1075 2358 quadrissorae.
1107 2278 1121 2339 6

108 2380 176 2425 mac
196 2366 280 2447 quod
308 2364 346 2423 ad
368 2364 533 2422 maximam
557 2375 677 2444 partem
698 2367 812 2428 fuscae.
860 2365 1014 2445 capsulae
1039 2368 1118 2426 linea

96 2452 259 2532 longiores
284 2451 317 2512 in
339 2450 424 2510 rachi
444 2451 592 2511 flexuosa.

109 2566 205 2635 1068.
230 2569 398 2636 ΟΑΚΕΧ
419 2581 626 2636 tomentosa:
659 2569 758 2657 spicis
789 2569 997 2659 perticellatis
1026 2572 1121 2659 subcp

85 2672 89 2681 “
188 2653 290 2718 siricis
312 2657 394 2719 suba
421 2656 634 2742 proximatis,
659 2657 803 2723 bracteis
821 2651 974 2722 auricula
991 2656 1121 2746 amplia

190 2739 279 2836 tibus
310 2679 517 2830 foliolirceis‚
537 2742 692 2837 'squamis
726 2741 848 2820 acutis,
880 2742 1028 2830 capsulis
1056 2728 1121 2831 glot

187 2826 461 2890 to'mantosis.
514 2829 620 2894 Lino.
650 2840 758 2894 mont.
785 2830 918 2916 p.1o3.
959 2851 1050 2916 spec.
1076 2828 1121 2918 pt

189 2910 306 2976 Willd.
329 2911 359 2984 4.
384 2935 422 3000 p.
445 2913 517 2981 265.
571 2914 730 2980 Sritkuhr
757 2936 827 2980 car.
850 2939 882 2978 u.
901 2916 955 3000 57.
978 2925 1005 2979 t.
1029 2916 1073 2984 F.
1092 2910 1121 3006 fl

187 2996 361 3064 Wattent.
393 2998 473 3067 Vet-
504 3000 570 3067 Ac.
597 3000 730 3067 Haedi.
763 2999 856 3069 1803.
882 3022 919 3089 p.
943 3002 1121 3088 159.-·1i

184 3105 218 3168 p.
243 3084 294 3172 75.
335 3084 505 3174 Alrlquist
526 3098 635 3152 ranst.
658 3110 697 3175 p.
721 3087 772 3153 51.
975 3106 977 3111 ’

145 3186 237 3253 Hab.
273 3186 309 3250 in
331 3191 457 3276 pratis·
474 3213 576 3277 supra
603 3187 844 3256 formationem
874 3182 1088 3251 transitionis
1114 3202 1121 3270 1

146 3274 149 3281 ’
183 3271 374 3338 vinciarum
409 3275 631 3348 insulanum,
670 3274 740 3339 scil.
768 3268 1022 3338 Gotlaudioe
1059 3268 1121 3336 ubis

188 3358 416 3428 Oclandiae
433 3362 473 3428 iu
493 3360 707 3450 Skogsbybet
733 3370 767 3427 et
789 3358 829 3423 ad
851 3356 1008 3421 Ruustcn
1032 3355 1120 3448 passi

148 3465 250 3527 Radix
280 3467 452 3528 stolonibus
480 3490 545 3528 non
573 3489 683 3549 parum
710 3465 899 3546 repentibus.
950 3460 1040 3524 Folia
1066 3481 1121 3524 caet

103 3551 219 3614 scantia
246 3553 311 3612 fera
332 3554 368 3614 ut
395 3557 427 3615 iu
450 3551 760 3635 Cscaespito'sa,
789 3552 864 3632 plus
885 3571 978 3633 quam
999 3552 1115 3612 lineam

103 3640 230 3700 Culmus
250 3640 392 3720 strictus,
420 3643 542 3704 circiter
561 3645 673 3725 pedem
693 3643 812 3720 longus.
855 3637 1005 3699 Bructero
1026 3639 1121 3700 salteu

103 3726 231 3786 seriores
263 3736 347 3790 totae
376 3729 508 3804 virides,
543 3732 598 3794 sed
629 3746 772 3809 squamae
807 3725 960 3788 femineae
992 3725 1121 3810 nigro-lt

103 3821 225 3894 Prteler
247 3833 381 3881 nervum
401 3818 563 3884 virentem.
610 3815 761 3898 Capsulac
780 3821 922 3876 tomento
945 3812 1121 3899 glaucescer
