2536 4500
375 360 402 377 ,,
473 235 651 361 aanor
782 372 784 379 Α
897 268 901 284 ’
1033 284 1110 378 96⁶-

73 509 105 576 9.
132 481 350 554 HYDNUM
380 483 601 554 corollotdes:
631 484 905 558 ramosissimum¹
925 484 1110 553 candidum

95 575 236 638 demum
256 573 441 640 lutesoens.
466 574 568 635 ramis
591 571 756 636 intricatis
778 574 959 638 attenuatis
979 573 1111 641 aculeos

95 657 310 738 unilaterales
351 659 514 746 pendulos
551 657 754 740 gerentibus.
821 659 921 745 Scop·
953 680 1048 726 corn.
1074 677 1111 743 p.

93 745 172 833 472.
216 742 364 808 Scwerb.
392 755 417 808 t.
438 745 511 808 ada.
557 741 755 828 (Trcttinn.
778 742 881 832 dung.
902 765 967 810 esc.
984 765 1021 830 p.
1038 741 1112 812 136.

94 841 122 897 t.
147 829 189 898 Ζ.
211 829 434 980 ἓυὲτοίηωη).
480 827 617 894 Swartz
639 829 663 897 l.
682 853 709 893 c.
727 848 764 914 p.
788 831 862 903 252.
909 828 1010 896 Frr'es
1031 838 1118 913 syrte
1218 838 1221 844 '

97 941 129 982 1.
180 961 189 980 .
234 937 253 980 ο
278 961 286 978 .
801 976 805 985 ,
995 951 997 954 >
1067 960 1070 970 ·
1156 976 1159 981 .

73 937 224 1068 [abpad
262 1011 396 1066 truncos
426 995 581 1086 putridos
599 997 789 1082 Quercus,
822 997 908 1085 Fagi
926 1010 960 1064 et
979 995 1112 1066 Abietis
1211 1074 1213 1080 Ι

95 1085 228 1153 Sveciae
250 1083 507 1187 temperatioris,
527 1083 629 1151 etiam
642 1082 837 1172 Upsaliaein
850 1083 1114 1172 Liljeconvaljs-
1199 1148 1201 1156 ,

90 1175 228 1250 holme,
261 1194 381 1238 ranna.
669 1195 671 1199 ¹

73 1257 246 1339 ruticulujn
264 1262 360 1322 refert
374 1275 466 1335 saepe
482 1257 694 1339 magnitudinis
711 1255 816 1337 capitis
832 1257 1024 1319 unicolorem
1041 1279 1111 1319 ear-

73 1371 120 1411 tm
151 1359 184 1408 et
205 1349 328 1408 edulem
352 1343 486 1405 breviter
510 1345 704 1420 duratur11n13
733 1344 825 1405 ramis
844 1345 965 1405 inferne
984 1337 1112 1428 digitum

73 1456 145 1497 srne
178 1435 329 1496 calamum
357 1428 482 1503 crassis,
509 1451 528 1489 a
552 1432 737 1494 seinvicem
757 1426 939 1514 plerumque
960 1432 1113 1493 benese-

74 1519 138 1584 tis:
168 1523 283 1583 aculeis
299 1536 463 1581 ramorum
484 1512 631 1576 diametro
654 1518 778 1578 demum
798 1519 988 1599 longioribus
1000 1518 1112 1581 barba·

73 1609 235 1692 -Apud
259 1629 315 1667 nos
337 1607 403 1665 fere
425 1603 491 1660 sola
508 1605 636 1666 varietas
653 1606 785 1664 abietina
807 1597 1117 1690 decurrerevidetur,

73 1731 102 1776 >-
137 1708 359 1779 HYDNUM
380 1707 571 1775 leoninum:
602 1708 922 1797 contortuplicatum
951 1718 1113 1776 carnoso-

88 1795 261 1864 fibrosum
282 1796 480 1869 flavescens,
506 1793 603 1880 plicis
623 1795 726 1860 acutis
739 1795 876 1882 asperis
894 1796 1114 1871 subtusacu-

87 1884 166 1947 loos
201 1880 357 1945 barbatos
379 1881 625 1946 exserentibus.
664 1879 772 1945 'Fries
793 1891 876 1972 syst.
897 1903 929 1948 t.
953 1903 990 1967 p.
1010 1881 1087 1949 411.
1139 1885 1141 1888 ’
1215 1943 1218 1949 .

73 1965 144 2033 [ab.
171 1966 207 2029 in
231 1965 392 2029 Salicibns
415 1965 562 2031 detonsis
584 1987 639 2032 ex.
659 1966 880 2056 gr..Upsaliae
905 1985 984 2033 cum
1002 1967 1113 2054 Aga·
1201 1999 1203 2003 ’

86 2054 192 2123 rico
214 2051 406 2138 adiposO.

73 2141 224 2204 onstituit
242 2142 332 2201 tuber
353 2137 492 2196 diilorme
513 2137 669 2208 interdum
690 2138 799 2220 eapitis
815 2139 1041 2220 magnitudinis,
1053 2141 1113 2214 ,iu-

79 2248 179 2292 oarue
208 2227 353 2287 continua
378 2224 462 2283 lenta
489 2225 571 2286 olida
600 2225 675 2308 (sere
696 2236 732 2284 ut
753 2218 828 2284 dicti
848 2226 996 2309 Agarici),
1022 2237 1114 2287 extus

74 2335 93 2374 e
120 2311 386 2386 numerosissimis
408 2330 517 2390 parum
536 2312 780 2396 prominentibus
799 2312 924 2373 demum
945 2314 1120 2372 solummo-

73 2400 275 2464 interstinctis
297 2400 391 2459 barba
414 2396 723 2480 aculeiscoustituta.
770 2397 864 2458 Color
885 2409 916 2460 ct
933 2397 1009 2460 haec
1020 2384 1115 2461 barba
1214 2463 1217 2474 ,

89 2487 243 2551 leonm.
322 2540 326 2549 .

73 2590 101 2639 ι.
138 2569 354 2637 HYDNUM
381 2567 589 2653 strigosum:
619 2567 711 2654 pileo
733 2568 896 2634 suberoso
915 2589 1034 2656 aspero
1057 2567 1115 2634 ni-

87 2669 291 2747 grescente,
342 2654 467 2718 aculeis
498 2654 607 2740 longis
636 2654 761 2719 strictis
779 2720 781 2725 ,
799 2654 1122 2722 ειιϋοοήοοΙοτίΒιιε.

88 2751 243 2813 Swarta
257 2741 280 2806 l.
304 2766 330 2807 c.
353 2763 388 2826 p.
413 2741 485 2805 250⁴
534 2739 637 2806 Fries
659 2750 742 2827 syst.
765 2762 794 2804 1.
816 2741 943 2828 p.414.
980 2790 988 2800 ,
1032 2737 1034 2742 ’

73 2824 141 2896 [ab.
175 2828 212 2893 in
241 2825 369 2891 truncis
400 2826 561 2892 arborum
590 2823 830 2897 frondosarum
859 2828 1028 2893 cultarum
1048 2823 1116 2890 sic-

88 2916 230 2982 ciorum
253 2913 383 2978 Sveriae
405 2910 524 2976 mediae
546 2933 634 2979 raro.
784 2926 787 2933 '

73 2999 130 3065 tlei
157 3003 208 3064 vel
236 3001 364 3060 solitarii
384 3001 436 3059 vel
457 3009 573 3059 tantum
596 3001 810 3079 approximati.
855 3001 1116 3064 Substantiatota

73 3090 194 3152 uscuta
224 3088 352 3165 strigoso
370 3087 573 3166 irnplicationi
592 3087 689 3146 multo
706 3089 810 3149 minus
829 3098 900 3170 apta
920 3110 1010 3169 quam
1025 3107 1116 3168 prae-

73 3180 160 3238 tntis.
207 3175 349 3234 Ceterum
380 3194 513 3231 annuum
546 3183 605 3249 est,
637 3183 673 3232 ut
703 3170 847 3256 pleraque
879 3175 1004 3255 Hydra,
1038 3193 1115 3254 qnae

73 3282 109 3325 nr
135 3285 154 3323 e
173 3272 267 3322 strato
290 3260 492 3321 fructificante
513 3263 635 3327 norum
654 3271 782 3323 stratum
801 3272 838 3322 ut
856 3260 958 3321 Boleti
976 3258 1116 3341 paralleli

73 3365 99 3409 'e
122 3371 190 3412 non
210 3359 347 3427 possunt.
499 3351 503 3363 ‘

73 3449 105 3502 a.
135 3431 353 3501 HYDNUM
382 3438 567 3516 argutum:
598 3427 745 3496 effusum
766 3432 976 3498 crustaeeum
1000 3425 1142 3492 calidi,

90 3521 180 3588 dum
205 3517 414 3669 ailu4taceum,
438 3513 558 3581 aculeis
577 3515 724 3604 obliquis
748 3516 865 3583 acutis.
910 3515 1009 3582 Fries
1030 3523 1114 3601 syst.

95 3629 129 3673 1.
182 3648 190 3668 ι
234 3623 285 3672 2.

73 3628 206 3759 [abdiu
227 3686 357 3755 truncis
381 3685 518 3750 cariosis
541 3684 679 3750 Betulae.

73 3791 165 3844 tussa
196 3779 264 3862 ejus
294 3786 330 3839 ut
360 3773 511 3833 densioris
536 3773 718 3836 substantiae
741 3773 785 3831 ita
808 3779 840 3829 et
857 3771 952 3854 magis
971 3769 1118 3834 determi-

80 3909 95 3944 ,
128 3886 221 3952 saepe
246 3865 333 3951 quasi
354 3859 537 3941 dendritica,
565 3871 596 3924 et
616 3859 716 3924 aculei
738 3857 899 3922 acutiores.
915 3857 926 3917 .’
1011 3931 1013 3935 .
