2536 4500
102 295 175 370 852
459 288 856 374 CRYPTOGAMIA

145 492 234 557 Hah.
258 480 396 557 in'saxis
409 488 646 578 lapidibusque
658 494 787 579 alpium
804 494 1055 561 maritimarum
1072 488 1178 557 Norti-

189 577 342 642 landiae
368 579 558 664 norvegiam
581 579 810 644 meridionalis
832 582 969 666 parcius
994 582 1049 669 (ao
1066 576 1181 644 Hallan·

189 665 253 729 dite
278 665 412 730 secund.
437 662 567 728 Osbecl·
587 663 727 753 gtitlrelr.
751 666 867 732 lrandl·
890 666 922 732 4.
947 689 985 754 p.
1005 664 1087 750 332)

147 756 273 848 Optime
302 769 500 849 distinguitur
522 771 688 829 substantia
712 769 856 830 sucoidea
876 772 1038 832 et‘habitu
1059 767 1184 831 subsinili

102 857 169 916 scre
194 855 285 916 Fuci
307 854 519 934 fastigiati.
565 859 644 917 'l'um
672 857 766 916 caulis
789 876 859 918 cum
883 860 961 925 rami
982 860 1049 919 fere
1072 857 1185 940 ejusdem

105 943 262 1018 crassitiei,
285 941 330 1002 lili
355 942 513 1013 tenuioris,
540 944 595 1002 vix
617 944 781 1024 plusquam
797 934 926 1007 unciam*
935 946 1032 1026 longi.
1077 943 1186 1004 Scutella

105 1050 226 1110 quoque
256 1032 352 1113 magis
382 1028 555 1092 terminalia
586 1052 676 1112 quam
701 1032 733 1089 in
756 1032 880 1109 ceteris,
913 1050 1008 1114 saepe
1030 1032 1186 1114 sesquiline·

105 1139 152 1174 am
177 1119 244 1174 luta.
844 1132 854 1153 ·
954 1147 957 1152 ·

108 1226 200 1293 1602.
224 1225 408 1291 LlClIEN
427 1225 585 1290 lanatus.-
610 1225 992 1297 corniculato-setaceus
1008 1230 1186 1296 decumbens

191 1312 408 1376 dichotomus
421 1312 788 1396 elevato-punctulatus
800 1312 974 1391 flexuosus
985 1317 1094 1402 niger.
1107 1317 1186 1380 Lina.

190 1423 278 1465 sves.
305 1421 338 1462 a.
365 1400 456 1464 1125.
509 1397 641 1462 Astur.
664 1398 786 1482 prodr.
815 1421 850 1486 p.
873 1401 950 1467 216.
981 1425 1060 1490 syn.
1080 1426 1115 1489 p.
1134 1402 1166 1467 50

163 1480 166 1487 ’
190 1484 324 1549 Ditten.
347 1506 454 1548 muse.
474 1504 510 1568 p.
532 1480 585 1547 86.
608 1493 632 1546 t.
659 1483 696 1551 15
727 1479 765 1571 J.
787 1484 818 1552 8.

148 1585 182 1649 β.
206 1570 417 1656 alpicola:
452 1591 574 1654 repens
596 1570 780 1636 nodulosus
801 1569 987 1637 reticulum
1012 1570 1105 1658 quasi
1126 1594 1157 1633 co

189 1655 351 1735 stitutus,
396 1653 547 1727 scutellis
583 1654 690 1739 planis
722 1655 820 1720 initio
845 1658 1054 1736 'marmoatis
1082 1680 1163 1724 ramu

190 1765 260 1806 uno
291 1743 443 1805 alterove
469 1741 611 1805 dentatis
637 1741 813 1811 aterrimis.
857 1743 1040 1810 li'alzlenlr.
1064 1745 1150 1832 lapp.

93 1887 101 1895 .
191 1829 266 1914 829.
305 1825 436 1906 Wulf„
454 1826 491 1889 iu
511 1827 634 1927 larqu.
659 1826 735 1892 coll.
757 1849 788 1892 2.
814 1838 837 1894 t.
860 1828 1003 1914 9.f.6.
1027 1844 1058 1915 7.

148 1913 240 1980 Hab.
278 1913 314 1977 in
345 1911 489 1998 rupibus
520 1935 678 1998 saxisque
708 1913 881 2000 sylvatieis
915 1914 1045 2001 apricis
1071 1913 1172 2002 passim

192 2000 250 2067 sed
281 2001 329 2067 ibi
359 2020 495 2084 semper
524 1999 664 2079 sterilis,
704 2022 766 2066 nec
794 2000 861 2064 nisi
899 1997 936 2064 in
968 2000 1101 2088 alpibus
1125 1995 1171 2087 ip'

190 2101 213 2160 β
236 2084 444 2151 fructificans
466 2085 614 2170 copiose.
1000 2135 1009 2150 .

149 2173 176 2234 'l
178 2186 243 2234 otus
270 2195 367 2255 usque
399 2193 416 2231 e
436 2172 537 2233 radice
567 2174 622 2233 vix
641 2181 707 2233 seta
727 2172 838 2251 equino
856 2172 945 2230 ullibi
967 2174 1109 2248 crassior,
1133 2170 1186 2231 suli·¹

106 2271 156 2321 tus
184 2271 303 2320 tantum
334 2261 536 2321 cinerascens.
581 2260 633 2318 Uti
656 2259 804 2318 lichenes
825 2259 969 2339 plerique
989 2262 1126 2340 inprimis
1143 2257 1186 2314 ltu·

105 2351 157 2430 jus
192 2347 410 2407 subdivisionis
446 2369 509 2404 non
540 2346 702 2406 fructificat
740 2346 799 2407 nisi
833 2347 910 2404 locis
941 2350 1077 2418 maxime
1101 2341 1186 2427 aprici!

107 2434 250 2516 (alpinis),
271 2435 369 2515 idque
386 2454 423 2491 eo
441 2434 567 2492 uberius
587 2455 648 2513 quo
668 2433 760 2511 magis
787 2433 820 2490 in
842 2434 1008 2494 minutiem
1025 2410 1186 2516 <reparaturi

105 2522 311 2582 Fructilicatio
341 2521 475 2601 primum
504 2521 569 2578 iere
591 2519 764 2598 Endocarpi
788 2529 823 2576 ut
851 2521 885 2576 in
908 2524 1068 2600 sequentis
1088 2534 1117 2596 β,
1175 2584 1178 2589 ,

107 2609 231 2666 demum
251 2609 342 2686 plana
364 2607 580 2687 sesquilineam
602 2608 664 2665 lata
687 2617 722 2665 ut
741 2607 774 2664 in
790 2607 1008 2684 praecedente.

110 2720 410 2789 1605.L10HEN
436 2716 647 2805 pubescens:
681 2717 1118 2806 corniculato-capillaceus
1148 2764 1159 2801 ,-

195 2807 361 2870 cumbens
396 2803 493 2889 niger
530 2805 717 2873 nodulosus
747 2803 941 2877 ramulosus
968 2824 1032 2889 ους
1074 2826 1136 2877 νε,

192 2890 352 2978 implexis
375 2889 542 2978 rigidulis.
587 2887 695 2954 Lina.
719 2911 806 2953 svec.
828 2911 861 2952 a.
878 2827 980 2954 arai.
1031 2907 1035 2912 “

153 2991 186 3054 β.
211 2977 488 3066 hispidulus:
512 2975 644 3053 minor,
667 2973 806 3058 ramulis
825 2975 1134 3042 subfascicutatis.s
1166 3032 1170 3037 .

193 3063 281 3128 tellis
304 3061 512 3146 subglobosis
538 3061 630 3126 disco
653 3060 820 3146 impresso
843 3061 991 3129 minuto.
1040 3054 1140 3128 Walrle

194 3148 341 3235 lupun.
364 3150 438 3216 850.
474 3147 704 3230 Aclra1·.syn.
728 3147 863 3232 p.302.
1064 3225 1067 3229 Ι

151 3234 243 3300 Har».
268 3234 303 3299 in
325 3236 469 3323 rupibus
493 3244 527 3296 et
546 3232 636 3296 saxis
658 3229 798 3296 occultis
824 3254 914 3316 aqua
935 3231 1138 3313 interdump

194 3319 280 3385 lusis
300 3321 449 3407 passim3
470 3333 493 3395 β
512 3318 555 3382 ad
574 3317 698 3383 fluvios
715 3317 896 3404 regionum
917 3316 1133 3407 alpinarump

195 3404 314 3472 sertim
341 3404 551 3472 Dalecarliae.
1018 3444 1021 3449 ,

154 3511 367 3573 Tenuissimus
388 3513 526 3573 omnium
548 3507 660 3587 capillo
681 3502 793 3566 riuUibi
816 3513 959 3589 crassior,
984 3529 1042 3570 nec
1059 3500 1133 3565 lineis

109 3612 184 3681 quot
200 3598 332 3677 longior.
359 3600 500 3679 Scutellis
518 3595 646 3655 omnino
664 3593 764 3654 lectus
784 3607 834 3655 est
851 3609 873 3668 β
889 3594 1085 3668 Daleuarliae,
1104 3609 1134 3668 qu
1160 3665 1166 3680 ι

109 3687 158 3746 uis
188 3686 325 3743 minimis
353 3687 464 3767 capillo
491 3683 546 3744 vix
574 3682 669 3760 triplo
692 3682 852 3742 latioribus
875 3686 943 3746 lere
968 3695 1008 3745 nt
1027 3682 1129 3742 fructus

111 3769 230 3831 chiniac
255 3771 330 3851 Aglr.
351 3773 510 3845 formatis,
531 3787 590 3828 nco
610 3769 677 3828 ullo
699 3769 793 3827 modo
816 3773 1065 3835 Conferroideac
1084 3768 1141 3848 plan

110 3855 225 3921 Forsan
245 3865 350 3918 tamen
372 3859 484 3921 sterilis
504 3866 611 3917 noster
635 3866 729 3918 'status
748 3856 782 3915 in
801 3859 996 3944 Scytonema
1017 3857 1083 3920 abit
1129 3866 1135 3872 ’
