2536 4500
104 259 175 336 sss
485 255 819 363 orrannum

189 468 213 533 β
244 455 281 521 in
303 451 466 521 America
498 456 650 523 maxime
684 457 940 546 septentrionali
967 460 1111 530 admon
1151 478 1153 486 “

188 563 298 630 prope
329 541 382 605 ΡΙ.
403 541 581 613 Laurentii
605 555 637 608 et
666 542 756 609 infra
778 546 909 610 exitum
937 546 1010 632 ejus
1033 550 1069 613 in
1090 550 1116 615 'l'

189 650 280 692 nova
302 624 467 703 Canadae3
498 657 517 705 γ
547 628 583 693 in
606 628 690 693 Asia
714 629 848 694 sibirica
871 642 906 697 et
925 629 1092 699 fluminis

189 714 329 798 regione
347 712 523 798 superiore
545 736 653 798 usquc
675 716 714 777 ad
737 717 795 789 65,ο
816 715 890 801 lat.)
1049 789 1052 795 ,
1151 763 1153 800 ,

145 801 262 864 Bulbus
292 800 496 880 vagina'fere
527 803 750 881 arnpullisorrni
779 812 810 863 et
840 803 1107 884 semipellucida'
1151 807 1152 822 ¹

104 890 245 954 vestitus.
290 885 411 948 Folium
431 887 566 948 radicale
589 909 606 946 e
628 891 735 970 vagina
753 890 840 949 bulbi
860 891 993 953 floriferi
1009 893 1123 970 exiens,

103 978 181 1041 tiolo
209 974 316 1035 eadem
342 974 399 1034 vix
423 974 564 1054 longiore
596 975 765 1051 elevatum,
794 997 963 1045 nervosum
989 969 1022 1038 e't
1052 982 1090 1039 ob
1152 1042 1153 1063 χ

104 1075 295 1130 transversas
317 1059 384 1122 fere
404 1063 587 1136 tessulatnm
611 1083 764 1144 saepeque
787 1065 992 1122 maculatum
1021 1064 1080 1126 Sca

103 1152 208 1235 potius
243 1146 437 1228 pedunculus
475 1147 618 1208 radicalis
654 1150 771 1228 vaginis
798 1150 917 1210 duabus
944 1150 1089 1213 tribusve

104 1234 344 1319 semipellucidis
376 1233 556 1309 obvolutus,
590 1233 646 1294 vix
673 1237 743 1317 plus
766 1256 855 1316 quam
886 1236 974 1315 digiti
994 1237 1113 1318 longitu

102 1323 317 1387 Flosbractea
334 1319 491 1379 terminali
508 1320 618 1400 petalis
637 1322 849 1401 superioribus
869 1322 1027 1382 simillima
1048 1325 1093 1384 tut

44 1419 46 1425 ’
104 1422 195 1471 extus
215 1427 333 1480 roseus,
355 1406 439 1466 intus
465 1407 634 1466 candidior.
678 1409 847 1468 Columnae
865 1409 981 1469 lamina
1003 1411 1109 1470 ovalis.

105 1498 183 1560 belli
203 1502 349 1574 apertura
369 1492 540 1555 columnari
560 1494 693 1554 laminae
712 1495 924 1575 snagnitudine·
943 1498 1101 1576 aequalis3

103 1605 146 1647 na
168 1582 266 1662 ipsius
287 1580 444 1660 longiore,
466 1580 547 1641 infra
568 1589 743 1660 aperturam
764 1582 843 1644 sacci
861 1581 1012 1661 penicillo
1034 1602 1125 1642 aureo
1152 1585 1153 1622 i

103 1679 190 1744 nata,
223 1667 273 1730 eui
297 1666 386 1728 initio
409 1667 581 1746 applicatae
607 1667 760 1729 antherae.
813 1667 878 1728 Hoc
906 1669 1058 1728 labellum
1075 1691 1114 1727 aa

106 1777 164 1818 suo
188 1752 377 1834 Cypripedio
398 1775 463 1812 non
479 1754 558 1814 male
571 1764 791 1833 comparatum,
808 1753 910 1834 igitur,
923 1755 1071 1835 Cypridis
1082 1777 1118 1814 no
1151 1819 1153 1835 Ι

105 1845 146 1904 ob
157 1842 337 1905 affinitatem
353 1840 487 1902 alienans
502 1849 610 1921 postca
622 1841 747 1917 amisso,
760 1841 834 1900 satis
845 1842 924 1899 bene
937 1841 1109 1922 Caly-psidie
1152 1906 1153 1911 η

104 1938 195 2014 peret
213 1925 335 2007 planta,
353 1926 414 1988 nisi
431 1926 492 1986 hoc
503 1926 594 1986 etiarn
610 1927 673 2007 jam
685 1929 773 1986 aliter
784 1928 896 1986 usitato
909 1927 1037 1987 Nornae
1049 1930 1117 1988 deae

104 2012 397 2101 praedestinationis
418 2013 708 2093 septentrionalium
732 2014 966 2074 condecoretur.
1005 2015 1054 2074 Ab
1070 2013 1110 2074 Or

104 2102 237 2166 nimium
268 2099 360 2159 distat
386 2109 454 2159 tum
483 2100 560 2158 flore
587 2101 653 2159 fere
683 2101 834 2179 Epipogio
859 2101 989 2180 analogo
1015 2111 1082 2160 turn

103 2209 181 2253 vere
204 2187 337 2250 bulbosa
356 2205 415 2247 nec
436 2187 590 2261 tuberosa‚
612 2198 648 2246 ut
669 2208 785 2246 nomen
809 2188 877 2266 ejus
898 2197 960 2247 tarn
982 2206 1091 2264 parum
1127 2190 1151 2228 ἰ

104 2286 174 2338 tum
203 2274 344 2336 retineat
372 2305 416 2323 -
445 2273 587 2334 Velnalis
613 2283 660 2335 est
681 2274 738 2334 [los
764 2274 863 2333 multo
894 2272 991 2352 magis
1013 2295 1099 2352 quam
1145 2325 1146 2328 ,

105 2364 184 2425 alius
214 2359 455 2434 Orchidearurn‚
483 2380 589 2418 mense
616 2361 700 2439 majo
730 2360 911 2440 jamdudum
935 2359 1110 2438 explicatus
1147 2429 1153 2443 μ

104 2448 315 2530 hybernacnlo
344 2446 464 2526 optimo
490 2445 610 2528 (bulbo)
636 2465 785 2525 praecoce
816 2447 912 2524 surgit
940 2447 1017 2506 deae
1039 2455 1105 2526 prae
1131 2504 1135 2509 ,

104 2537 240 2598 nationis
261 2534 334 2594 anni
354 2534 461 2607 instar,
482 2535 576 2595 unico
598 2534 699 2594 fulcro
718 2531 823 2615 (totio)
842 2542 963 2591 tantum
986 2533 1101 2612 stipata,

81 2637 83 2639 ’
106 2645 123 2681 a
190 2643 207 2680 c
236 2621 398 2696 obvelato,
428 2619 507 2680 facie
529 2630 708 2699 assurgente
738 2622 822 2680 intus
853 2619 985 2679 candida
1013 2618 1093 2699 (lami

106 2709 119 2770 l
173 2705 243 2788 nae)
265 2706 361 2766 radiis
382 2706 481 2764 roseis
506 2707 572 2784 spei
593 2703 728 2786 (petalis)
754 2705 959 2778 circumdata,
984 2716 1112 2787 pectora(

107 2815 173 2857 sam
192 2792 327 2871 amplam
352 2792 499 2850 ubertatis
526 2793 648 2853 futurae
669 2793 811 2865 fovente,
843 2813 901 2850 nec
922 2801 1027 2850 tamen
1049 2789 1106 2850 crui

107 2891 232 2959 tegmen
258 2879 416 2937 decentiae
446 2878 592 2956 penicillo
617 2900 711 2938 aureo
737 2887 879 2936 ornatum
901 2874 1061 2957 (laminam
1120 2880 1123 2885 ’

106 2999 152 3015 -
170 2965 277 3024 Euro
285 2984 368 3042 paea
395 2963 472 3024 haec
500 2964 607 3025 Norna
628 2975 664 3023 ut
688 2965 844 3045 angustior
867 2965 912 3021 ita
935 2964 1029 3022 etiam
1052 2984 1106 3044 gen

107 3053 242 3130 tegmine
261 3050 367 3111 labelli
386 3050 546 3110 decentior
562 3052 719 3130 magisque
740 3051 946 3110 condecorata
966 3061 1004 3109 ut
1024 3051 1111 3110 decet
1147 3102 1152 3107 .

108 3141 193 3200 orbis
216 3128 352 3195 maxime
374 3137 507 3215 politae;
538 3139 783 3198 Americana
811 3137 1003 3218 aliquantum
1021 3130 1153 3221 latior,

108 3223 193 3286 mint
216 3223 376 3297 breviore,
405 3223 472 3282 [ere
493 3224 689 3299 intermedia3
730 3224 912 3282 Asiatica
935 3222 1075 3282 omnium
1096 3221 1153 3281 lat¹¹

108 3333 159 3373 ma
181 3309 315 3390 tegmine
336 3309 459 3372 decenti
479 3309 546 3372 tere
568 3312 682 3385 orbata,
698 3311 732 3370 in
744 3309 846 3391 patria
867 3331 923 3370 sua
940 3310 1123 3385 vastissima,
1139 3311 1153 3353 '¹

108 3400 195 3462 xisne
215 3395 295 3457 rudi.

407 3548 481 3613 554.
533 3545 574 3610 M
597 3546 632 3610 A
654 3546 745 3611 LA
767 3545 804 3610 X
828 3545 844 3607 Ι
868 3544 910 3609 S.

207 3650 307 3717 Suarrg
318 3647 379 3700 Ver·
390 3651 440 3701 Ac.
453 3649 553 3698 Haadt.
568 3644 642 3699 1800.
651 3664 677 3711 ρ.
688 3644 745 3694 255.
759 3663 778 3694 ι.
787 3645 811 3693 5.
822 3644 852 3693 Ρ.
872 3643 964 3694 drowa
978 3647 1049 3698 ton.
1061 3646 1121 3699 lev.

112 3749 253 3833 Corolia
282 3752 420 3835 ringens
440 3747 651 3835 resupinata3
684 3746 802 3833 petalis
823 3735 958 3811 duobus
981 3733 1153 3814 exteriori

152 3836 275 3905 labello
313 3854 465 3902 concavo
502 3833 648 3900 indiviso
684 3832 981 3920 conrergeutibus.
1042 3835 1153 3903 cotan
