2536 4500
124 236 219 347 aas
475 265 877 348 sarracenam
955 358 960 365 x
1082 312 1086 343 .

96 462 97 471 ¹
139 495 142 501 ·
209 482 274 536 etc.
297 471 451 560 copiose,
474 469 557 538 item
582 464 672 538 inter
692 463 920 540 diversorium
939 471 1124 560 lngelslora
1140 470 1207 565 (prii

207 557 331 624 rescisa
361 556 621 645 Striifvelsto'rp)
659 567 690 620 et
718 559 942 644 Engelbolm,
984 560 1182 650 Ble'kingi·

168 638 171 647 ’
206 644 250 727 ad
269 641 449 732 Nan-abya
480 666 587 730 prope
611 643 748 731 Greby,
776 646 1000 726 'l'horhamn‚
1036 647 1182 714 Hallaa

207 729 286 793 diac
316 730 548 796 meridionalis
572 728 811 797 ad'Hasslbisd
832 731 922 798 infra
944 733 1089 799 Hassliif
1109 732 1190 798 mul'

205 814 298 892 locis,
318 817 415 880 Gotl
426 839 443 879 a
453 840 472 879 a
484 816 503 879 d
514 815 524 879 1
534 839 562 879 ae
582 815 616 878 in
630 819 785 901 paroecia
799 817 934 904 Frbjc13
953 843 1015 884 nec
1028 841 1098 883 non
1109 820 1168 884 Sm

205 901 357 966 landiae
380 901 594 966 occidentalis
611 899 816 985 frequenter,
841 905 944 968 etiam
964 905 1004 968 ad
1019 904 1101 980 Dia,
1122 905 1162 969 So

205 1000 374 1060 menete..
401 987 677 1072 Gotboburgi
699 988 740 1051 ad
761 987 904 1074 Delsjiin
925 1001 957 1054 et
980 990 1022 1056 ad
1036 991 1162 1061 Torfm

205 1072 263 1137 sen
287 1095 395 1159 prope
421 1070 580 1159 Keiltorp.
803 1084 807 1089 ”

161 1159 309 1220 Perennis
342 1163 594 1233 videturradice
625 1158 678 1237 ‘rel
703 1159 730 1219 si
756 1161 854 1223 mavis
875 1159 1000 1226 caudice
1022 1173 1153 1244 repente

118 1248 234 1307 nuitate
261 1251 333 1330 plus
362 1270 452 1328 quam
482 1247 543 1326 lili,
573 1247 612 1306 ad
635 1246 766 1327 spatium
798 1269 862 1308 non
892 1247 1051 1311 nullarum
1072 1251 1135 1317 line

117 1334 271 1394 radiculas
299 1344 330 1393 et
357 1335 432 1414 solia
458 1335 523 1394 iere
552 1343 633 1394 setae
662 1333 816 1393 tenuitatis
845 1343 875 1393 et
902 1335 1107 1417 peramplus
1131 1358 1168 1417 qu

116 1422 239 1481 unciam
261 1423 361 1501 longa.
376 1422 526 1482 emittens.
570 1420 692 1480 Remuli
715 1420 805 1479 simul
825 1422 1026 1501 egrediuntur
1048 1425 1171 1485 brevissi

116 1506 237 1567 inferne
259 1508 335 1576 folia
354 1518 502 1588 gerentes,
526 1528 659 1586 superne
681 1506 784 1565 fructu
805 1509 968 1568 terminati.
1003 1507 1166 1591 Capsulag

114 1612 229 1660 aarum
258 1596 375 1677 piperis
399 1594 624 1675 magnitudine,
661 1602 750 1651 extus
780 1595 908 1670 hirtula,
939 1594 1060 1654 colore·
1079 1599 1177 1656 muria

114 1697 172 1760 per
189 1689 288 1740 totum
307 1682 372 1740 fere
396 1703 512 1740 annum
537 1680 633 1742 obvia.
655 1711 699 1726 -
721 1680 792 1739 Sola
811 1682 916 1761 planta
936 1680 1076 1757 Filicina,
1101 1701 1172 1765 quae
1202 1739 1203 1747 ,

114 1785 245 1824 numero
265 1767 386 1827 binario
410 1768 526 1827 filicum
547 1768 580 1827 in
601 1785 764 1826 numerum
786 1768 1016 1849 quaternarium
1038 1769 1147 1831 Museo

113 1858 260 1932 respectu
281 1854 443 1915 divisionis
464 1854 628 1936 pericarpii
650 1853 722 1914 abit.

362 2019 437 2109 417.
483 2001 962 2108 acursar'uu'.
1042 1992 1045 2001 “

227 2145 303 2200 lian-
313 2165 370 2218 gea.
381 2153 422 2200 ed.
433 2149 535 2204 Scina.
548 2146 623 2231 ibri.
644 2147 736 2205 aera.
746 2151 830 2201 elisar.
838 2154 878 2201 ed.
886 2164 903 2197 2
918 2147 998 2216 aaa.
1008 2165 1028 2200 s.
1040 2162 1063 2197 1.
1073 2162 1099 2198 2.

111 2254 213 2345 Spica
242 2254 428 2342 composita
461 2259 609 2342 squamis
640 2255 773 2343 peltatis
801 2242 1167 2344 orbiculatosspolygoa

159 2341 315 2429 Capsulae
336 2342 399 2408 sub
419 2365 553 2428 quaque
574 2364 715 2426 squama
739 2343 975 2430 4-7umliqae
1000 2344 1133 2424 adfixae,
1153 2341 1162 2404 i

153 2439 302 2494 trorsum
326 2427 618 2508 longitudinaliter
638 2427 857 2494 dehiscentes.
894 2429 1071 2495 Seminula
1090 2453 1133 2499 nu

151 2510 327 2578 rosissime
356 2514 550 2600 glebulam,
582 2512 751 2598 spiraliter
781 2515 943 2581 obvoluta
979 2506 1168 2602 filis‘quatf

138 2597 252 2686 'apice
273 2597 467 2662 incrassatis
488 2599 635 2664 siccitate
655 2623 692 2666 se
713 2601 1021 2687 exporrigentibus.
1039 2638 1083 2650 -
1098 2600 1131 2668 P
1141 2672 1144 2685 Ζ

156 2693 195 2748 ta
219 2684 337 2748 radice
362 2684 507 2770 perenni
529 2695 688 2771 repente,
719 2686 876 2751 ortalibus
901 2674 1158 2765 articulatisa'

151 2767 251 2858 ginis
269 2768 317 2854 ·1)
339 2770 502 2835 scarioais
524 2771 745 2858 inaequaliter
765 2772 916 2837 dentatis
938 2799 971 2840 n.
997 2771 1092 2841 1204.
1116 2794 1129 2840 1

152 2853 188 2942 2)
214 2852 390 2921 laerbnceis
414 2856 470 2920 vel
488 2855 685 2921 durioribus
706 2880 735 2922 ae
761 2859 889 2925 realiter
903 2860 1056 2926 maratis
1080 2857 1207 2946 0)οψ-

155 2940 189 3004 le
210 2940 292 3005 toevi
311 2965 344 3004 n.
372 2941 572 3008 1206-1208.
612 2939 648 3029 b)
673 2883 793 3008 scoiro
814 2970 845 3009 n.
871 2966 965 3033 1009.
991 2967 1086 3014 1010.

111 3055 203 3125 1204.
229 3052 511 3144 EQUISETUM
533 3082 694 3125 arcense.-
724 3086 825 3150 scapo
847 3063 1079 3132 fructificante
1099 3062 1207 3150 celtas!

192 3142 257 3209 lari
278 3146 408 3231 vaginis
431 3145 584 3210 scariosis
606 3146 818 3231 inaeqaaliter
840 3151 1039 3236 sexpartitis
1062 3153 1207 3225 caducei¹

191 3227 288 3295 caule
304 3232 409 3298 sterili
431 3231 533 3298 ramis
554 3232 762 3318 simplicibus
783 3237 976 3322 tetragonis.
1000 3239 1207 3306 Linasveca

140 3396 143 3401 Ι
191 3315 321 3403 11908.
349 3341 437 3404 spec.
452 3318 504 3404 pl.
526 3317 578 3381 ed.
605 3319 717 3387 Willd.
736 3323 767 3386 5.
788 3344 822 3407 p.
848 3346 878 3387 1.
924 3328 981 3392 Sv.
998 3323 1082 3392 Bet.
1094 3337 1116 3390 1.
1128 3328 1160 3412 47

194 3401 372 3470 Walslenb.
395 3405 489 3492 lnpp.
514 3427 547 3468 n.
571 3402 645 3487 524.

141 3484 234 3554 'Hau
263 3486 299 3552 in
319 3488 441 3577 pratis,
475 3489 564 3556 arvis
585 3500 619 3552 et
640 3488 767 3574 campis
792 3489 999 3575 aliquantum
1021 3492 1139 3561 declivi

189 3571 289 3639 etiarn
310 3573 432 3663 alpinis
443 3575 555 3643 ,torius
574 3576 704 3642 Sveciae
725 3574 860 3660 ubique.

141 3658 261 3746 ¹Carales
288 3664 340 3724 vel
362 3665 467 3746 potius
498 3664 582 3743 scapi
610 3663 831 3724 fructificantes
860 3666 1082 3745 propullulant
1107 3666 1150 3750 p'

103 3763 179 3805 vere
208 3767 314 3809 mense
337 3751 587 3831 germinationis,
616 3751 672 3810 toti
692 3750 801 3828 pallidi
827 3763 951 3832 praeter
971 3757 1101 3836 vaginae
1120 3744 1184 3818 1111Ι

103 3839 239 3913 scentes,
259 3830 389 3901 *circiter
409 3836 608 3918 spithamaei,
631 3837 721 3918 spicis
744 3837 834 3909 etiam
854 3839 979 3920 pallidis
1001 3842 1102 3929 (Ange
