2536 4500
104 271 177 344 858
456 260 858 340 CRYl’TOGAMlA

143 465 235 535 Hah.
262 466 297 529 iu
323 488 365 531 ru
392 464 462 529 ium
492 463 655 528 lateribus
683 461 831 550 irrigatis
859 464 1006 559 occultis
1026 464 1107 553 Lap]

189 549 335 641 passima
358 487 437 617 dein
456 550 631 637 praecipue
652 562 674 625 β
692 549 733 613 ad
756 572 850 614 marc
871 551 1076 618 occidentale
1096 553 1107 615 l

187 637 267 707 siae.
293 636 546 722 Vestrogolhiae
566 648 629 700 etc.
662 657 726 700 nec
749 658 817 700 uon
840 637 881 701 ad
905 639 1107 703 orientale(

189 720 313 811 gothia*
325 723 483 808 alibique,
508 720 567 784 ubi
580 721 682 784 etiam
705 720 723 782 cl
741 722 822 785 locis
838 723 1051 801 siccioribus,
1070 747 1107 811 pa

113 850 119 865 ι
189 811 424 897 ypraesertim
454 809 489 872 in
509 807 626 871 Svccia
656 805 819 872 interiore
842 812 945 875 ctiam
971 810 1107 900 U‘psalia

189 895 366 960 rarissime
390 906 423 960 et
449 891 596 958 tenuiter
618 891 840 959 fructificans.

147 983 212 1042 Hae
242 1005 349 1044 omnes
377 984 496 1043 formae
525 982 559 1040 in
581 980 713 1040 diversis
738 983 851 1043 nostris
873 980 1054 1063 regionibus
1074 1002 1107 1061 qu

103 1069 315 1130 videntissime
347 1070 524 1142 conllnnut,
564 1087 622 1126 ncc
655 1068 783 1128 dubium
815 1090 866 1129 eas
898 1069 1076 1128 humiditati
1105 1109 1107 1123 .

104 1157 203 1216 causis
228 1157 380 1218 similibus
402 1166 505 1215 ortum
524 1154 648 1213 debere·
693 1155 798 1236 ltaque
817 1155 933 1236 optime
959 1178 980 1216 a
997 1156 1042 1215 Cl.
1066 1155 1107 1213 Sc

102 1262 169 1303 rer
197 1244 217 1301 b
245 1266 271 1303 c.
298 1245 546 1326 conjunguntur3
581 1241 637 1299 sed
662 1253 770 1301 neutra
790 1263 897 1302 eorum
923 1243 1107 1325 adsequens

103 1331 177 1388 dere
206 1330 279 1391 vidi.
323 1331 358 1390 Iu
388 1349 499 1411 genere
526 1327 661 1408 propriis
683 1329 952 1389 observationibus
984 1331 1018 1389 in
1038 1330 1107 1388 Svet

105 1415 218 1477 stitutis
240 1417 328 1476 nisus
347 1437 432 1494 sum3
456 1436 514 1474 nco
535 1425 639 1473 tamen
659 1416 776 1489 dubito,
797 1417 872 1495 quin
894 1415 991 1497 hujus
1008 1417 1107 1497 generi

105 1504 170 1563 cies
193 1503 434 1586 polymorphae‚
459 1504 492 1561 in
513 1501 630 1581 alpium
651 1501 873 1562 belveticarum
888 1504 1097 1563 cacuminibus

103 1591 216 1649 toideis
239 1601 455 1672 congregatae,
479 1590 569 1668 longe
590 1589 679 1648 aliter
703 1609 736 1648 se
754 1589 869 1648 sistant.

108 1710 201 1800 1675.
226 1712 502 1779 GYROMIUM
520 1709 767 1798 polyrrhizon:
791 1710 913 1776 fronde
932 1707 1107 1776 subcartila

189 1799 322 1865 sinuata
349 1821 452 1886 supra
481 1798 636 1882 laevigala
664 1796 890 1863 lusco-aenea
918 1798 1037 1860 subtus
1067 1808 1107 1858 atr

188 1887 495 1973 bross-pannosa,
536 1883 706 1969 patellulis
742 1882 988 1970 immarginatis
1017 1883 1107 1946 tenui

192 1970 328 2059 gyrosis
353 1970 478 2036 nitidis.
509 2003 554 2018 ·-
577 1969 682 2034 Lino.
706 1995 794 2035 avec.
820 1996 851 2035 a.
876 1968 960 2036 1108
1014 1969 1091 2039 Aet

190 2053 533 2142 Ac.Hondl.179ss.
561 2079 663 2142 91.-
687 2065 711 2118 t.
735 2058 764 2120 5.
787 2056 823 2145 f.
849 2076 878 2120 2.
915 2075 991 2142 syn.
1041 2053 1107 2139 ,67¹

192 2142 333 2233 pellita).
383 2139 559 2208 Wahlenb.
583 2164 656 2227 aps.
676 2165 710 2206 n.
732 2141 805 2228 952.
838 2144 992 2228 Aspege‘.
1012 2078 1107 2224 66169

147 2238 238 2305 Hab.
276 2239 312 2302 in
337 2236 505 2324 lapidibus
540 2249 573 2303 et
603 2240 750 2323 scopulis
782 2241 873 2304 elatis
912 2251 1016 2306 vento
1049 2261 1106 2326 exp

188 2326 361 2413 praecipue
386 2324 426 2386 ad
448 2325 539 2386 lacus
563 2324 706 2401 majores
730 2327 859 2391 Sveciae
880 2325 1107 2412 temperatiori

189 2433 256 2497 que
275 2412 314 2475 ad
341 2409 512 2496 Upsaliam
535 2412 673 2495 passim.

144 2499 172 2559 A
200 2500 410 2579 praecedentis
449 2499 647 2557 varictatibus
690 2498 831 2558 omnibus
869 2496 975 2559 diflert
1001 2517 1064 2558 non
1088 2503 1107 2555 la

106 2587 275 2645 substantia
304 2588 379 2645 dura
401 2586 501 2664 fragili
523 2597 613 2644 exuis
636 2586 746 2658 nitida,
775 2605 883 2644 verum
905 2584 1107 2667 praecipuelr

103 2674 185 2754 gyris
212 2672 350 2731 omnium
373 2673 528 2747 minimis,
560 2691 601 2731 ex
623 2673 690 2752 ipsa
712 2673 820 2732 fronde
847 2674 981 2732 discrete
1004 2672 1105 2744 enatis,

101 2759 237 2837 margine
261 2758 326 2818 ullo
346 2759 512 2821 communi.
558 2761 640 2819 Saxo
664 2780 783 2840 quoque
806 2758 993 2838 adprimitur
1012 2760 1099 2839 magis

102 2845 221 2918 affinia,
251 2847 335 2904 unde
365 2847 460 2905 villus
486 2846 554 2926 ejus
576 2847 785 2905 radicularum
809 2846 916 2905 oflicio
937 2844 1107 2927 perfungis

102 2930 135 2988 in
147 2931 326 2990 humiditate
337 2935 550 2992 conservanda
561 2933 692 3008 videtur,
704 2933 776 2992 hinc
788 2933 916 2991 Linnaei
925 2952 1041 2994 nomen
1050 2932 1107 3013 opti

104 3049 199 3138 1676.
231 3052 505 3120 GYROMIUM
533 3056 777 3142 postulatum:
820 3053 942 3118 fronde
967 3040 1107 3206 gustulal

186 3141 521 3206 nereo-virescente
552 3139 670 3206 subtus
700 3139 925 3206 scrobiculata
954 3140 1107 3228 gabrapa

185 3226 365 3304 umbsina,
402 3227 572 3313 patellulis
601 3227 796 3311 marginatis
830 3226 923 3294 disco
947 3230 1047 3316 plano
1065 3223 1105 3286 int

184 3311 293 3377 Lino.
322 3335 409 3378 avec.
441 3337 475 3378 n.
512 3332 605 3398 1107.
659 3314 717 3378 δν.
750 3312 831 3379 Bot.
864 3321 888 3379 t.
917 3315 971 3381 65.
1023 3307 1107 3378 Wes

183 3395 301 3485 frirgl.
332 3409 358 3462 t.
382 3396 432 3463 13.
484 3401 566 3464 Aclr.
596 3422 674 3486 syn.
698 3421 735 3484 p.
760 3396 812 3464 66.
860 3399 1042 3467 Woblend.
1068 3415 1107 3481 up

187 3480 260 3568 954.
307 3485 404 3569 Aspe
431 3506 492 3547 ren
513 3483 660 3572 blcking.
683 3508 716 3571 p.
739 3484 792 3552 86.

141 3567 232 3632 Hal).
261 3567 297 3631 in
324 3570 390 3656 lapi
417 3569 494 3634 ibus
524 3584 559 3635 et
579 3573 671 3636 saxis
694 3567 943 3658 campestribus
972 3567 1093 3639 Sveciae

185 3652 365 3740 peratioris
385 3656 521 3741 ubique.

143 3737 241 3799 Etiam
261 3743 440 3821 glomerulis
462 3744 656 3805 uuticuosis
677 3741 750 3805 atris
773 3741 864 3806 valde
879 3741 1016 3828 insigne,
1038 3739 1107 3803 unde

102 3842 157 3890 san
179 3826 285 3888 Svecis
312 3827 478 3898 Tasuk-l
499 3827 532 3916 f.
