2564 4508
55 236 63 267 ⁸
117 263 210 349 ‘sss
233 246 257 290 ⁵
303 289 305 293 ·
387 251 389 255 ‘
453 374 454 377 Ν
508 268 859 344 orrossrma

161 473 280 550 'Radix
300 472 505 552 multicaulir,
530 475 669 535 caulibus
691 474 814 538 inferne
839 474 1084 556 simplicissimis.
1132 478 1237 542 Herbe

132 557 212 623 iscis
243 560 370 620 omnino
397 560 484 637 Lini,
513 563 597 622 unde
618 560 724 623 Svecis
746 569 782 626 J.
809 560 949 626 Martae
979 563 1052 629 Lin
1083 585 1108 624 s.
1138 562 1239 642 Ηὸν,

122 648 315 729 ¹plerumque
346 646 541 726 spithamaea.
586 645 697 706 Flores'
715 651 897 730 praecipue*
913 649 1003 712 initio
1033 653 1159 712 aestatis
1182 674 1242 713 errd

131 735 254 814 plicui,
282 734 525 794 caerulescentes
555 735 607 792 vel
630 734 805 794 rubicundis
851 732 927 794 Alae
951 737 1072 800 fructus
1099 741 1241 822 majores

89 841 95 861 ¹
133 840 224 901 quam
243 821 279 882 iu
296 821 509 901 sequentibus3
534 827 625 900 saepe
646 831 708 879 tres
728 821 825 879 lineas
845 821 964 901 longae.

133 943 209 1037 789.
232 943 500 1010 POL'YGALA
529 967 681 1010 comosa:
713 944 854 1011 floribus
884 947 1029 1013 cristatis
1052 947 1157 1014 dense
1178 971 1242 1013 ra-

217 1030 381 1106 cemosis,
411 1030 472 1094 alis
498 1030 661 1116 calycinis
685 1031 848 1113 corollam
871 1032 1148 1119 subsequentibus
1175 1034 1242 1098 de-

216 1137 314 1182 mum
337 1116 474 1201 capsula
494 1115 600 1182 sessili
624 1116 872 1181 suborbiculata
894 1118 1120 1194 brevioribus,
1143 1117 1240 1184 foliis

214 1199 579 1272 lineari-lanceolatis,
615 1202 726 1266 radice
758 1201 941 1288 raespitosa.
993 1202 1164 1275 Seiskulsr.
1194 1202 1243 1256 .-

204 1285 405 1355 Reietmb.
428 1323 472 1336 -
492 1287 596 1352 Fries
615 1311 690 1352 nov.
715 1299 808 1374 part.
835 1284 940 1352 VIII.
966 1287 1056 1357 insci.
1180 1302 1183 1307 ’
1208 1304 1211 1313 ’

116 1378 119 1383 ’
171 1436 174 1441 ,
215 1373 256 1441 Ρ.
279 1372 390 1456 major
410 1372 511 1442 Reiz.
530 1373 646 1438 secred.
670 1373 723 1436 ed.
744 1395 774 1439 2.
788 1395 826 1460 p.
845 1373 916 1440 168.
946 1374 1171 1463 0111111529.

177 1452 268 1530 Heb.
291 1457 325 1522 in
348 1457 431 1522 locis
454 1459 606 1522 maxime
629 1457 750 1546 apricis
774 1458 890 1524 calidis
912 1460 1070 1527 Scaniae
1091 1460 1134 1522 ad
1160 1454 1241 1525 Ri-

217 1542 240 1611 b
294 1544 460 1633 paroeciae
488 1543 646 1610 livetolta
676 1542 836 1630 (Prior),
870 1544 912 1609 ad
942 1545 1077 1614 Ekeriid
1108 1545 1241 1634 (supra

217 1565 341 1696 libor?
365 1629 420 1693 ve]
444 1629 480 1695 in
500 1628 732 1716 Fiirsbiiradl)
755 1629 943 1718 (Rctzius).
1104 1682 1107 1690 ,

173 1719 288 1782 Radice
317 1728 349 1778 et
372 1716 468 1779 herba
482 1719 691 1797 praecedenti
722 1719 868 1794 similior,
896 1719 949 1778 sed
966 1719 1070 1780 fructu
1092 1709 1240 1798 sequenti

131 1809 282 1886 proxime.
325 1801 459 1885 Utrique
481 1805 578 1865 multo
603 1807 702 1886 major
723 1814 831 1883 utpote
852 1803 943 1883 saepe
973 1806 1111 1886 pedalis,
1136 1805 1240 1864 immo

132 1895 224 1954 etiam
244 1890 338 1972 magis
361 1891 528 1951 multiflore
552 1901 583 1950 et
604 1892 812 1970 angustilolia‚
840 1900 876 1950 ut
896 1911 960 1950 non
980 1890 1078 1973 possit
1098 1909 1164 1950 non
1187 1891 1241 1949 di-

132 1980 244 2040 stinou
265 1981 388 2038 tractari
408 1978 490 2037 inter
510 1977 627 2056 species
645 1988 707 2038 tam
725 1979 836 2036 multas
856 1977 971 2037 affines.
1014 1976 1115 2038 Radix
1132 1978 1238 2038 inter-

132 2066 207 2126 dum
233 2085 368 2145 pennam
396 2063 593 2146 gallinaceam
623 2085 739 2138 crassa3
776 2065 913 2124 caulibus
943 2083 1034 2144 saepe
1064 2065 1175 2124 decem
1201 2065 1238 2129 itt

33 2193 35 2196 v
132 2152 299 2232 caespitem
326 2150 477 2232 insignem
506 2151 650 2211 collectis.
703 2148 790 2209 Folia
817 2151 964 2209 inferiora
992 2152 1048 2210 vix
1078 2152 1148 2210 ulla
1181 2148 1238 2212 vel

130 2238 266 2314 minum,
303 2257 363 2321 quo
397 2257 475 2297 vero
512 2236 671 2316 superiora
705 2257 742 2295 eo
768 2237 907 2317 longiora
938 2244 969 2295 et
998 2237 1237 2314 numerosiora,

132 2344 204 2387 cum
230 2323 351 2386 ramulo
377 2343 440 2384 uno
468 2323 604 2384 alterove
632 2323 743 2382 folioso
772 2325 828 2383 sub
855 2339 977 2387 racemo
999 2323 1083 2382 unde
1106 2320 1237 2384 nomen.

130 2409 281 2473 Rscemus
310 2430 400 2490 saepe
431 2410 513 2469 ultra
543 2410 585 2467 lto
616 2409 743 2470 floribus
765 2419 795 2470 et
817 2410 949 2490 capsulis
971 2415 1122 2468 onustus.
1158 2407 1237 2471 Alae

129 2499 250 2558 fructus
270 2499 326 2558 vix
347 2497 463 2556 duabus
478 2497 568 2556 lineis
583 2497 746 2576 longiores.
775 2496 880 2556 Floras
894 2497 1074 2578 plerumque
1089 2493 1236 2557 violacei.

132 2632 206 2701 790.
228 2612 500 2680 POLYGALA
525 2637 668 2677 amaro.-
699 2614 839 2681 floribus
861 2611 1003 2680 cristatis
1024 2616 1237 2699 memoris,

215 2697 276 2764 elis
299 2698 462 2785 calycinis
488 2700 650 2764 corollam
680 2700 951 2784 subsequentibus
980 2701 1117 2766 demum
1145 2722 1237 2788 cap-

109 2795 113 2807 '
216 2784 287 2851 suls
308 2782 416 2848 sessili
443 2784 687 2850 suborbiculata
718 2785 949 2853 brevioribus.
981 2784 1070 2852 foliis
1097 2784 1237 2856 infimis

214 2870 367 2935 eboratis
390 2869 528 2943 obtusis,
551 2870 662 2936 radice
681 2871 896 2957 subrepente.
938 2871 1045 2936 Lina.
1066 2894 1156 2958 sper.
1177 2876 1235 2944 ed.

214 2979 246 3023 2.
263 2980 301 3044 p.
328 2955 400 3042 987.
455 2952 611 3020 Decaud.
637 2957 756 3043 prodr.
789 2967 858 3020 nat.
894 2979 921 3021 1.
946 2981 979 3041 p.
1001 2955 1074 3023 525.
1123 2957 1235 3026 aasz.

214 3066 279 3108 occ.
308 3065 342 3127 p.
363 3040 437 3107 528.
483 3041 539 3106 Sv.
569 3041 649 3106 Bot.
677 3053 699 3104 t.
727 3041 802 3107 484.
845 3041 940 3107 Flor.
963 3038 1057 3106 Dan.
1083 3049 1108 3105 t.
1133 3040 1234 3135 1169.

213 3127 382 3215 Ablquist
405 3137 514 3192 ranst.
532 3149 567 3212 p.
595 3127 645 3193 24.
690 3124 799 3192 Carls.
819 3138 972 3215 strengn.
990 3149 1027 3213 p.
1052 3119 1121 3193 41?

213 3214 252 3278 Ρ.
272 3212 435 3281 austriaca
462 3213 722 3278 Crantzcustr.
744 3235 777 3298 p.
801 3210 873 3299 439.
900 3224 924 3275 t.
948 3234 978 3277 2.
1002 3207 1082 3295 file.

170 3310 202 3376 β.
218 3299 440 3389 alpestris:
464 3297 581 3379 major,
603 3298 742 3364 floribus
758 3299 940 3380 majoribus
957 3292 1233 3364 coloratioribus.

212 3383 250 3450 P.
280 3408 394 3450 amara
421 3395 546 3472 Iac-qu.
574 3393 683 3447 rsustr.
711 3393 733 3447 t.
756 3378 829 3448 412.
882 3379 922 3450 V
919 3383 1060 3469 idegren
1092 3377 1231 3472 deterg.

250 3495 287 3560 p.
313 3471 365 3537 30.
412 3468 501 3534 ch.
530 3479 562 3532 et
583 3468 687 3534 Mqu·
710 3467 789 3532 reis.
816 3491 851 3554 p.
873 3470 922 3555 95.
973 3462 1115 3531 Hartm.
1144 3466 1231 3536 Ver.

256 3558 320 3623 Ac.
344 3556 474 3621 Haudl.
501 3556 593 3622 1814.
609 3578 647 3641 p.
671 3575 722 3639 92.
744 3573 793 3637 99.
818 3586 862 3604 —-
888 3551 978 3619 1818.
1001 3549 1128 3632 11156.

173 3654 264 3728 Hab.
294 3655 328 3720 in
352 3658 519 3722 littoribus
548 3655 651 3719 maris
673 3664 705 3718 et
729 3652 956 3729 adjacentibus
976 3651 1081 3736 petris
1104 3650 1146 3713 ad
1172 3652 1231 3716 in·

214 3742 302 3811 sulas
335 3767 477 3828 orasque
506 3740 683 3804 orientales
707 3735 799 3821 regni
826 3735 868 3800 ab
891 3734 1054 3800 Oelandia
1075 3747 1109 3798 et
1135 3735 1231 3822 Got-
1277 3736 1280 3745 '

216 3829 328 3898 laudis
347 3830 389 3895 ad
408 3826 614 3895 Gestriciam
636 3824 850 3909 frequentem
868 3833 890 3898 β
908 3816 1233 3891 informationibus
