<?xml version="1.0" encoding="UTF-8"?>
<!DOCTYPE html PUBLIC "-//W3C//DTD XHTML 1.0 Transitional//EN"
    "http://www.w3.org/TR/xhtml1/DTD/xhtml1-transitional.dtd">
<html xmlns="http://www.w3.org/1999/xhtml" xml:lang="en" lang="en">
 <head>
  <title>
</title>
<meta http-equiv="Content-Type" content="text/html;charset=utf-8" />
  <meta name='ocr-system' content='tesseract 3.04.00' />
  <meta name='ocr-capabilities' content='ocr_page ocr_carea ocr_par ocr_line ocrx_word'/>
</head>
<body>
  <div class='ocr_page' id='page_1' title='image "./florasuecicaenu01wahlgoog_0516.png"; bbox 0 0 2536 4500; ppageno 0'>
   <div class='ocr_carea' id='block_1_1' title="bbox 109 245 861 342">
    <p class='ocr_par' dir='ltr' id='par_1_1' title="bbox 109 245 861 342">
     <span class='ocr_line' id='line_1_1' title="bbox 109 245 861 342; baseline -0.005 -11"><span class='ocrx_word' id='word_1_1' title='bbox 109 247 185 342; x_wconf 71' lang='grc'><strong>969</strong></span> <span class='ocrx_word' id='word_1_2' title='bbox 465 245 861 327; x_wconf 81' lang='lat' dir='ltr'><em>CRYPTOGAMIA</em></span> 
     </span>
    </p>
   </div>
   <div class='ocr_carea' id='block_1_2' title="bbox 150 438 1220 772">
    <p class='ocr_par' dir='ltr' id='par_1_2' title="bbox 150 438 1220 772">
     <span class='ocr_line' id='line_1_2' title="bbox 193 438 1220 538; baseline 0.008 -25"><span class='ocrx_word' id='word_1_3' title='bbox 193 447 313 538; x_wconf 83' lang='lat' dir='ltr'><strong>glauco</strong></span> <span class='ocrx_word' id='word_1_4' title='bbox 335 438 473 515; x_wconf 88' lang='lat' dir='ltr'><strong>demum</strong></span> <span class='ocrx_word' id='word_1_5' title='bbox 496 447 708 536; x_wconf 79' lang='lat' dir='ltr'><strong>ferrugineo,</strong></span> <span class='ocrx_word' id='word_1_6' title='bbox 734 449 826 538; x_wconf 88' lang='lat' dir='ltr'><strong>poris</strong></span> <span class='ocrx_word' id='word_1_7' title='bbox 849 450 1088 521; x_wconf 87' lang='lat' dir='ltr'><strong>concoloribus</strong></span> <span class='ocrx_word' id='word_1_8' title='bbox 1104 453 1178 521; x_wconf 86' lang='lat' dir='ltr'><strong>mini·</strong></span> <span class='ocrx_word' id='word_1_9' title='bbox 1216 524 1220 531; x_wconf 74' lang='grc'>,</span> 
     </span>
     <span class='ocr_line' id='line_1_3' title="bbox 194 533 1220 626; baseline 0.003 -23"><span class='ocrx_word' id='word_1_10' title='bbox 194 535 273 603; x_wconf 72' lang='lat' dir='ltr'><strong>mu.</strong></span> <span class='ocrx_word' id='word_1_11' title='bbox 308 533 457 600; x_wconf 77' lang='lat' dir='ltr'><strong>Sowerb.</strong></span> <span class='ocrx_word' id='word_1_12' title='bbox 473 533 585 624; x_wconf 80' lang='lat' dir='ltr'><strong>jung.</strong></span> <span class='ocrx_word' id='word_1_13' title='bbox 610 546 635 600; x_wconf 86' lang='lat' dir='ltr'><strong>t.</strong></span> <span class='ocrx_word' id='word_1_14' title='bbox 658 535 730 602; x_wconf 86' lang='grc'><strong>155.</strong></span> <span class='ocrx_word' id='word_1_15' title='bbox 776 536 879 601; x_wconf 82' lang='lat' dir='ltr'><strong>Fries</strong></span> <span class='ocrx_word' id='word_1_16' title='bbox 900 551 998 626; x_wconf 58' lang='lat' dir='ltr'><strong>sym„</strong></span> <span class='ocrx_word' id='word_1_17' title='bbox 1013 566 1042 607; x_wconf 88' lang='grc'><strong>1.</strong></span> <span class='ocrx_word' id='word_1_18' title='bbox 1062 562 1097 626; x_wconf 83' lang='lat' dir='ltr'><strong>p.</strong></span> <span class='ocrx_word' id='word_1_19' title='bbox 1113 541 1169 626; x_wconf 75' lang='lat'><strong>574.</strong></span> <span class='ocrx_word' id='word_1_20' title='bbox 1217 581 1220 586; x_wconf 92' lang='lat'><em>-</em></span> 
     </span>
     <span class='ocr_line' id='line_1_4' title="bbox 150 618 1138 772; baseline 0.002 -85"><span class='ocrx_word' id='word_1_21' title='bbox 150 618 350 772; x_wconf 50' lang='lat' dir='ltr'><strong>gissentae.</strong></span> <span class='ocrx_word' id='word_1_22' title='bbox 391 618 498 685; x_wconf 82' lang='lat' dir='ltr'><strong>Lino.</strong></span> <span class='ocrx_word' id='word_1_23' title='bbox 523 645 609 688; x_wconf 77' lang='lat' dir='ltr'><strong>suec.</strong></span> <span class='ocrx_word' id='word_1_24' title='bbox 633 644 666 686; x_wconf 87' lang='lat' dir='ltr'><strong>n.</strong></span> <span class='ocrx_word' id='word_1_25' title='bbox 693 623 786 706; x_wconf 83' lang='lat'><strong>1257.</strong></span> <span class='ocrx_word' id='word_1_26' title='bbox 835 622 892 690; x_wconf 76' lang='lat' dir='ltr'><strong>Se.</strong></span> <span class='ocrx_word' id='word_1_27' title='bbox 915 624 998 691; x_wconf 78' lang='lat' dir='ltr'><strong>Bot-</strong></span> <span class='ocrx_word' id='word_1_28' title='bbox 1029 625 1138 711; x_wconf 68' lang='grc'><strong>1167.</strong></span> 
     </span>
    </p>
   </div>
   <div class='ocr_carea' id='block_1_3' title="bbox 110 705 1184 1055">
    <p class='ocr_par' dir='ltr' id='par_1_3' title="bbox 188 705 1180 805">
     <span class='ocr_line' id='line_1_5' title="bbox 188 705 1180 805; baseline 0.002 -34"><span class='ocrx_word' id='word_1_29' title='bbox 188 706 241 772; x_wconf 91' lang='lat' dir='ltr'><strong>ab.</strong></span> <span class='ocrx_word' id='word_1_30' title='bbox 280 706 316 771; x_wconf 92' lang='lat' dir='ltr'><strong>in</strong></span> <span class='ocrx_word' id='word_1_31' title='bbox 344 705 447 805; x_wconf 80' lang='lat' dir='ltr'><strong>Fagis</strong></span> <span class='ocrx_word' id='word_1_32' title='bbox 477 705 731 794; x_wconf 87' lang='lat' dir='ltr'><strong>provinciarum</strong></span> <span class='ocrx_word' id='word_1_33' title='bbox 761 707 1042 793; x_wconf 81' lang='lat' dir='ltr'><strong>meridionalium</strong></span> <span class='ocrx_word' id='word_1_34' title='bbox 1073 711 1180 797; x_wconf 62' lang='lat' dir='ltr'><strong>ubiqusj</strong></span> 
     </span>
    </p>

    <p class='ocr_par' dir='ltr' id='par_1_4' title="bbox 110 789 1184 1055">
     <span class='ocr_line' id='line_1_6' title="bbox 163 789 777 880; baseline -0.002 -24"><span class='ocrx_word' id='word_1_35' title='bbox 163 820 167 825; x_wconf 93' lang='lat'>·</span> <span class='ocrx_word' id='word_1_36' title='bbox 195 805 216 867; x_wconf 70' lang='grc' dir='ltr'><strong><em>β</em></strong></span> <span class='ocrx_word' id='word_1_37' title='bbox 241 789 278 856; x_wconf 91' lang='lat' dir='ltr'><strong>in</strong></span> <span class='ocrx_word' id='word_1_38' title='bbox 301 790 432 857; x_wconf 86' lang='lat' dir='ltr'><strong>Betubs</strong></span> <span class='ocrx_word' id='word_1_39' title='bbox 453 792 777 880; x_wconf 75' lang='lat' dir='ltr'><strong>septentrionalium.</strong></span> 
     </span>
     <span class='ocr_line' id='line_1_7' title="bbox 155 881 1183 963; baseline 0 -23"><span class='ocrx_word' id='word_1_40' title='bbox 155 881 225 954; x_wconf 81' lang='lat' dir='ltr'><strong>Quo</strong></span> <span class='ocrx_word' id='word_1_41' title='bbox 249 881 350 963; x_wconf 81' lang='lat' dir='ltr'><strong>major</strong></span> <span class='ocrx_word' id='word_1_42' title='bbox 366 901 437 960; x_wconf 83' lang='lat' dir='ltr'><strong>pars</strong></span> <span class='ocrx_word' id='word_1_43' title='bbox 458 881 641 943; x_wconf 82' lang='lat' dir='ltr'><strong>substantiae</strong></span> <span class='ocrx_word' id='word_1_44' title='bbox 659 881 816 941; x_wconf 88' lang='lat' dir='ltr'><strong>interioris</strong></span> <span class='ocrx_word' id='word_1_45' title='bbox 835 883 941 944; x_wconf 91' lang='lat' dir='ltr'><strong>mollis</strong></span> <span class='ocrx_word' id='word_1_46' title='bbox 961 895 1024 958; x_wconf 89' lang='lat' dir='ltr'><strong>est,</strong></span> <span class='ocrx_word' id='word_1_47' title='bbox 1049 902 1086 943; x_wconf 88' lang='lat' dir='ltr'><strong>eo</strong></span> <span class='ocrx_word' id='word_1_48' title='bbox 1103 883 1183 944; x_wconf 83' lang='lat' dir='ltr'><strong>melin</strong></span> 
     </span>
     <span class='ocr_line' id='line_1_8' title="bbox 110 962 1184 1055; baseline 0.002 -26"><span class='ocrx_word' id='word_1_49' title='bbox 110 977 268 1042; x_wconf 80' lang='lat' dir='ltr'><strong>censetur,</strong></span> <span class='ocrx_word' id='word_1_50' title='bbox 288 976 321 1027; x_wconf 92' lang='lat' dir='ltr'><strong>et</strong></span> <span class='ocrx_word' id='word_1_51' title='bbox 338 987 376 1026; x_wconf 90' lang='lat' dir='ltr'><strong>eo</strong></span> <span class='ocrx_word' id='word_1_52' title='bbox 400 967 534 1028; x_wconf 77' lang='lat' dir='ltr'><strong>strictius</strong></span> <span class='ocrx_word' id='word_1_53' title='bbox 554 966 660 1028; x_wconf 88' lang='lat' dir='ltr'><strong>Svecis</strong></span> <span class='ocrx_word' id='word_1_54' title='bbox 672 962 969 1033; x_wconf 80' lang='lat' dir='ltr'><strong>Fndsls-tielsn&#39;vel</strong></span> <span class='ocrx_word' id='word_1_55' title='bbox 981 965 1184 1055; x_wconf 57' lang='lat' dir='ltr'><strong>mort-tius</strong></span> 
     </span>
    </p>
   </div>
   <div class='ocr_carea' id='block_1_4' title="bbox 19 1064 1220 3824">
    <p class='ocr_par' dir='ltr' id='par_1_5' title="bbox 98 1064 1220 1415">
     <span class='ocr_line' id='line_1_9' title="bbox 98 1064 1220 1155; baseline -0.003 -19"><span class='ocrx_word' id='word_1_56' title='bbox 98 1082 206 1136; x_wconf 62' lang='lat'><strong>2012.</strong></span> <span class='ocrx_word' id='word_1_57' title='bbox 226 1064 450 1132; x_wconf 88' lang='lat' dir='ltr'><strong>BOLETUS</strong></span> <span class='ocrx_word' id='word_1_58' title='bbox 468 1064 662 1155; x_wconf 67' lang='lat' dir='ltr'><strong>igniarium</strong></span> <span class='ocrx_word' id='word_1_59' title='bbox 687 1068 809 1147; x_wconf 88' lang='lat' dir='ltr'><strong>durus,</strong></span> <span class='ocrx_word' id='word_1_60' title='bbox 832 1067 922 1155; x_wconf 85' lang='lat' dir='ltr'><strong>pileo</strong></span> <span class='ocrx_word' id='word_1_61' title='bbox 941 1093 1058 1138; x_wconf 88' lang='lat' dir='ltr'><strong>crasso</strong></span> <span class='ocrx_word' id='word_1_62' title='bbox 1075 1065 1187 1136; x_wconf 79' lang='lat' dir='ltr'><strong>subloen</strong></span> <span class='ocrx_word' id='word_1_63' title='bbox 1218 1094 1220 1133; x_wconf 90' lang='grc'>;</span> 
     </span>
     <span class='ocr_line' id='line_1_10' title="bbox 195 1152 1187 1242; baseline -0.001 -23"><span class='ocrx_word' id='word_1_64' title='bbox 195 1176 214 1219; x_wconf 91' lang='lat' dir='ltr'><strong>e</strong></span> <span class='ocrx_word' id='word_1_65' title='bbox 243 1153 377 1224; x_wconf 79' lang='lat' dir='ltr'><strong>cinereo</strong></span> <span class='ocrx_word' id='word_1_66' title='bbox 404 1152 613 1238; x_wconf 78' lang='lat' dir='ltr'><strong>nigrescente</strong></span> <span class='ocrx_word' id='word_1_67' title='bbox 638 1152 789 1240; x_wconf 78' lang='lat' dir='ltr'><strong>margine</strong></span> <span class='ocrx_word' id='word_1_68' title='bbox 819 1153 1039 1221; x_wconf 89' lang='lat' dir='ltr'><strong>obtusissimo</strong></span> <span class='ocrx_word' id='word_1_69' title='bbox 1068 1152 1187 1242; x_wconf 86' lang='lat' dir='ltr'><strong>ferrugi-</strong></span> 
     </span>
     <span class='ocr_line' id='line_1_11' title="bbox 193 1233 1188 1328; baseline -0.001 -24"><span class='ocrx_word' id='word_1_70' title='bbox 193 1259 279 1322; x_wconf 86' lang='lat' dir='ltr'><strong>neo,</strong></span> <span class='ocrx_word' id='word_1_71' title='bbox 318 1233 413 1325; x_wconf 89' lang='lat' dir='ltr'><strong>poris</strong></span> <span class='ocrx_word' id='word_1_72' title='bbox 451 1234 686 1303; x_wconf 89' lang='lat' dir='ltr'><strong>concoloribus</strong></span> <span class='ocrx_word' id='word_1_73' title='bbox 715 1239 880 1303; x_wconf 78' lang='lat' dir='ltr'><strong>convexis</strong></span> <span class='ocrx_word' id='word_1_74' title='bbox 907 1243 1058 1328; x_wconf 76' lang='lat' dir='ltr'><strong>exiguis.</strong></span> <span class='ocrx_word' id='word_1_75' title='bbox 1108 1241 1188 1308; x_wconf 88' lang='lat' dir='ltr'><strong>Lim.</strong></span> 
     </span>
     <span class='ocr_line' id='line_1_12' title="bbox 194 1321 1187 1415; baseline 0 -26"><span class='ocrx_word' id='word_1_76' title='bbox 194 1346 281 1390; x_wconf 72' lang='lat' dir='ltr'><strong>eree.</strong></span> <span class='ocrx_word' id='word_1_77' title='bbox 299 1346 334 1388; x_wconf 88' lang='lat' dir='ltr'><strong>n.</strong></span> <span class='ocrx_word' id='word_1_78' title='bbox 356 1323 449 1390; x_wconf 77' lang='lat'><strong>1256.</strong></span> <span class='ocrx_word' id='word_1_79' title='bbox 495 1322 552 1392; x_wconf 82' lang='lat' dir='ltr'><strong>Sv.</strong></span> <span class='ocrx_word' id='word_1_80' title='bbox 569 1321 650 1388; x_wconf 88' lang='lat' dir='ltr'><strong>Bot.</strong></span> <span class='ocrx_word' id='word_1_81' title='bbox 669 1343 702 1388; x_wconf 81' lang='lat' dir='ltr'><strong>a.</strong></span> <span class='ocrx_word' id='word_1_82' title='bbox 724 1324 793 1388; x_wconf 76' lang='lat'><strong>125.</strong></span> <span class='ocrx_word' id='word_1_83' title='bbox 833 1325 937 1391; x_wconf 82' lang='lat' dir='ltr'><strong>Friee</strong></span> <span class='ocrx_word' id='word_1_84' title='bbox 952 1338 1037 1410; x_wconf 74' lang='lat' dir='ltr'><strong>synt.</strong></span> <span class='ocrx_word' id='word_1_85' title='bbox 1055 1352 1082 1395; x_wconf 86' lang='grc'><strong>1.</strong></span> <span class='ocrx_word' id='word_1_86' title='bbox 1092 1350 1126 1415; x_wconf 83' lang='lat' dir='ltr'><strong>p.</strong></span> <span class='ocrx_word' id='word_1_87' title='bbox 1136 1327 1187 1410; x_wconf 70' lang='grc'><strong>671.</strong></span> 
     </span>
    </p>

    <p class='ocr_par' dir='ltr' id='par_1_6' title="bbox 150 1405 1188 1563">
     <span class='ocr_line' id='line_1_13' title="bbox 150 1405 1188 1501; baseline 0.001 -27"><span class='ocrx_word' id='word_1_88' title='bbox 150 1423 185 1489; x_wconf 76' lang='grc' dir='ltr'><strong>β.</strong></span> <span class='ocrx_word' id='word_1_89' title='bbox 206 1405 436 1492; x_wconf 87' lang='lat' dir='ltr'><strong>nigricans</strong></span> <span class='ocrx_word' id='word_1_90' title='bbox 458 1408 672 1477; x_wconf 84' lang='lat' dir='ltr'><strong>durissimus.</strong></span> <span class='ocrx_word' id='word_1_91' title='bbox 694 1408 797 1474; x_wconf 82' lang='lat' dir='ltr'><strong>Fries</strong></span> <span class='ocrx_word' id='word_1_92' title='bbox 813 1411 837 1476; x_wconf 88' lang='lat' dir='ltr'><strong>l.</strong></span> <span class='ocrx_word' id='word_1_93' title='bbox 850 1436 881 1478; x_wconf 84' lang='lat' dir='ltr'><strong>e.</strong></span> <span class='ocrx_word' id='word_1_94' title='bbox 897 1436 930 1479; x_wconf 85' lang='lat' dir='ltr'><strong>n.</strong></span> <span class='ocrx_word' id='word_1_95' title='bbox 943 1434 976 1501; x_wconf 87' lang='lat'><strong>9.</strong></span> <span class='ocrx_word' id='word_1_96' title='bbox 999 1412 1188 1500; x_wconf 73' lang='lat' dir='ltr'><strong>Lirimlopp.</strong></span> 
     </span>
     <span class='ocr_line' id='line_1_14' title="bbox 194 1498 324 1563; baseline 0.008 -3"><span class='ocrx_word' id='word_1_97' title='bbox 194 1518 228 1560; x_wconf 85' lang='lat' dir='ltr'><strong>n.</strong></span> <span class='ocrx_word' id='word_1_98' title='bbox 251 1498 324 1563; x_wconf 86' lang='lat'><strong>521.</strong></span> 
     </span>
    </p>

    <p class='ocr_par' dir='ltr' id='par_1_7' title="bbox 150 1576 1190 1843">
     <span class='ocr_line' id='line_1_15' title="bbox 150 1576 1190 1670; baseline 0.001 -23"><span class='ocrx_word' id='word_1_99' title='bbox 150 1580 243 1648; x_wconf 79' lang='lat' dir='ltr'><strong>Eeb.</strong></span> <span class='ocrx_word' id='word_1_100' title='bbox 261 1579 298 1645; x_wconf 93' lang='lat' dir='ltr'><strong>in</strong></span> <span class='ocrx_word' id='word_1_101' title='bbox 318 1578 410 1667; x_wconf 89' lang='lat' dir='ltr'><strong>ligno</strong></span> <span class='ocrx_word' id='word_1_102' title='bbox 428 1576 589 1647; x_wconf 84' lang='lat' dir='ltr'><strong>arborum</strong></span> <span class='ocrx_word' id='word_1_103' title='bbox 611 1579 848 1648; x_wconf 84' lang='lat' dir='ltr'><strong>frondosarum</strong></span> <span class='ocrx_word' id='word_1_104' title='bbox 869 1588 1063 1670; x_wconf 81' lang='lat' dir='ltr'><strong>praesertim</strong></span> <span class='ocrx_word' id='word_1_105' title='bbox 1080 1589 1190 1653; x_wconf 84' lang='lat' dir='ltr'><strong>Amen·</strong></span> 
     </span>
     <span class='ocr_line' id='line_1_16' title="bbox 193 1664 1189 1760; baseline 0.004 -29"><span class='ocrx_word' id='word_1_106' title='bbox 193 1678 364 1731; x_wconf 74' lang='lat' dir='ltr'><strong>tacentum</strong></span> <span class='ocrx_word' id='word_1_107' title='bbox 392 1664 536 1753; x_wconf 88' lang='lat' dir='ltr'><strong>ubique,</strong></span> <span class='ocrx_word' id='word_1_108' title='bbox 577 1681 600 1744; x_wconf 78' lang='grc' dir='ltr'><strong><em>β</em></strong></span> <span class='ocrx_word' id='word_1_109' title='bbox 628 1666 664 1730; x_wconf 92' lang='lat' dir='ltr'><strong>in</strong></span> <span class='ocrx_word' id='word_1_110' title='bbox 691 1667 811 1731; x_wconf 85' lang='lat' dir='ltr'><strong>Betula</strong></span> <span class='ocrx_word' id='word_1_111' title='bbox 842 1667 1006 1758; x_wconf 78' lang='lat' dir='ltr'><strong>inprimis</strong></span> <span class='ocrx_word' id='word_1_112' title='bbox 1034 1674 1189 1760; x_wconf 82' lang='lat' dir='ltr'><strong>regionum</strong></span> 
     </span>
     <span class='ocr_line' id='line_1_17' title="bbox 192 1752 518 1843; baseline -0.025 -24"><span class='ocrx_word' id='word_1_113' title='bbox 192 1752 518 1843; x_wconf 77' lang='lat' dir='ltr'><strong>septentrionalium.</strong></span> 
     </span>
    </p>

    <p class='ocr_par' dir='ltr' id='par_1_8' title="bbox 149 1839 1189 1928">
     <span class='ocr_line' id='line_1_18' title="bbox 149 1839 1189 1928; baseline 0.006 -27"><span class='ocrx_word' id='word_1_114' title='bbox 149 1840 244 1902; x_wconf 89' lang='lat' dir='ltr'><strong>Intus·</strong></span> <span class='ocrx_word' id='word_1_115' title='bbox 260 1841 426 1901; x_wconf 84' lang='lat' dir='ltr'><strong>substantia</strong></span> <span class='ocrx_word' id='word_1_116' title='bbox 449 1839 601 1900; x_wconf 82' lang='lat' dir='ltr'><strong>cortioalis</strong></span> <span class='ocrx_word' id='word_1_117' title='bbox 619 1840 797 1919; x_wconf 85' lang='lat' dir='ltr'><strong>parcissima</strong></span> <span class='ocrx_word' id='word_1_118' title='bbox 816 1841 989 1921; x_wconf 85' lang='lat' dir='ltr'><strong>durissima,</strong></span> <span class='ocrx_word' id='word_1_119' title='bbox 1014 1847 1050 1906; x_wconf 90' lang='lat' dir='ltr'><strong>in</strong></span> <span class='ocrx_word' id='word_1_120' title='bbox 1072 1867 1136 1928; x_wconf 88' lang='lat' dir='ltr'><strong>qua,</strong></span> <span class='ocrx_word' id='word_1_121' title='bbox 1153 1862 1189 1924; x_wconf 85' lang='lat' dir='ltr'><strong>pt·</strong></span> 
     </span>
    </p>

    <p class='ocr_par' dir='ltr' id='par_1_9' title="bbox 19 1927 1187 2014">
     <span class='ocr_line' id='line_1_19' title="bbox 19 1927 1187 2014; baseline 0.001 -25"><span class='ocrx_word' id='word_1_122' title='bbox 19 1936 41 1948; x_wconf 90' lang='grc'>”</span> <span class='ocrx_word' id='word_1_123' title='bbox 107 1928 184 1989; x_wconf 84' lang='lat' dir='ltr'><strong>n&#39;ter</strong></span> <span class='ocrx_word' id='word_1_124' title='bbox 205 1949 240 1988; x_wconf 83' lang='grc'><strong>11</strong></span> <span class='ocrx_word' id='word_1_125' title='bbox 261 1927 294 1987; x_wconf 90' lang='lat' dir='ltr'><strong>in</strong></span> <span class='ocrx_word' id='word_1_126' title='bbox 306 1927 430 2001; x_wconf 86' lang='lat' dir='ltr'><strong>tubulis,</strong></span> <span class='ocrx_word' id='word_1_127' title='bbox 451 1937 566 2007; x_wconf 82' lang='lat' dir='ltr'><strong>punctu</strong></span> <span class='ocrx_word' id='word_1_128' title='bbox 582 1935 613 1984; x_wconf 91' lang='lat' dir='ltr'><strong>et</strong></span> <span class='ocrx_word' id='word_1_129' title='bbox 628 1929 719 1987; x_wconf 79' lang='lat' dir='ltr'><strong>striae</strong></span> <span class='ocrx_word' id='word_1_130' title='bbox 731 1929 904 1988; x_wconf 84' lang='lat' dir='ltr'><strong>albissimae</strong></span> <span class='ocrx_word' id='word_1_131' title='bbox 917 1942 999 2007; x_wconf 82' lang='lat' dir='ltr'><strong>sunt,</strong></span> <span class='ocrx_word' id='word_1_132' title='bbox 1025 1934 1134 2014; x_wconf 87' lang='lat' dir='ltr'><strong>quibus</strong></span> <span class='ocrx_word' id='word_1_133' title='bbox 1147 1930 1187 1990; x_wconf 89' lang='lat' dir='ltr'><strong>sul·</strong></span> 
     </span>
    </p>

    <p class='ocr_par' dir='ltr' id='par_1_10' title="bbox 106 2006 1184 2100">
     <span class='ocr_line' id='line_1_20' title="bbox 106 2006 1184 2100; baseline 0.001 -26"><span class='ocrx_word' id='word_1_134' title='bbox 106 2014 235 2096; x_wconf 87' lang='lat' dir='ltr'><strong>phureis</strong></span> <span class='ocrx_word' id='word_1_135' title='bbox 251 2012 463 2087; x_wconf 81' lang='lat' dir='ltr'><strong>evadentibus,</strong></span> <span class='ocrx_word' id='word_1_136' title='bbox 488 2015 526 2074; x_wconf 90' lang='lat' dir='ltr'><strong>ad</strong></span> <span class='ocrx_word' id='word_1_137' title='bbox 537 2015 637 2094; x_wconf 84' lang='lat' dir='ltr'><strong>ignem</strong></span> <span class='ocrx_word' id='word_1_138' title='bbox 650 2014 763 2074; x_wconf 86' lang='lat' dir='ltr'><strong>diutius</strong></span> <span class='ocrx_word' id='word_1_139' title='bbox 779 2006 1028 2079; x_wconf 79' lang='lat' dir='ltr'><strong>conservandum</strong></span> <span class='ocrx_word' id='word_1_140' title='bbox 1041 2020 1184 2100; x_wconf 77' lang='lat' dir='ltr'><strong>aptissimo</strong></span> 
     </span>
    </p>

    <p class='ocr_par' dir='ltr' id='par_1_11' title="bbox 106 2096 1183 2188">
     <span class='ocr_line' id='line_1_21' title="bbox 106 2096 1183 2188; baseline 0.006 -27"><span class='ocrx_word' id='word_1_141' title='bbox 106 2103 217 2180; x_wconf 83' lang='lat' dir='ltr'><strong>fungus</strong></span> <span class='ocrx_word' id='word_1_142' title='bbox 248 2108 390 2160; x_wconf 84' lang='lat' dir='ltr'><strong>consetur</strong></span> <span class='ocrx_word' id='word_1_143' title='bbox 411 2109 443 2158; x_wconf 90' lang='lat' dir='ltr'><strong>et</strong></span> <span class='ocrx_word' id='word_1_144' title='bbox 463 2109 527 2159; x_wconf 87' lang='lat' dir='ltr'><strong>tum</strong></span> <span class='ocrx_word' id='word_1_145' title='bbox 548 2100 653 2185; x_wconf 82' lang='lat' dir='ltr'><strong>Svecis</strong></span> <span class='ocrx_word' id='word_1_146' title='bbox 680 2096 821 2163; x_wconf 82' lang='lat' dir='ltr'><strong>Tunder</strong></span> <span class='ocrx_word' id='word_1_147' title='bbox 838 2105 891 2164; x_wconf 85' lang='lat' dir='ltr'><strong>vel</strong></span> <span class='ocrx_word' id='word_1_148' title='bbox 915 2099 1183 2188; x_wconf 65' lang='grc' dir='ltr'><strong>Τόπων-111111</strong></span> 
     </span>
    </p>

    <p class='ocr_par' dir='ltr' id='par_1_12' title="bbox 106 2181 1185 2449">
     <span class='ocr_line' id='line_1_22' title="bbox 106 2181 1184 2257; baseline 0 -6"><span class='ocrx_word' id='word_1_149' title='bbox 106 2186 204 2252; x_wconf 77' lang='grc'><strong>1015.</strong></span> <span class='ocrx_word' id='word_1_150' title='bbox 219 2181 442 2250; x_wconf 80' lang='lat' dir='ltr'><strong>BOLE&#39;I&#39;US</strong></span> <span class='ocrx_word' id='word_1_151' title='bbox 462 2182 647 2249; x_wconf 79' lang='lat' dir='ltr'><strong>relicinus:</strong></span> <span class='ocrx_word' id='word_1_152' title='bbox 667 2184 869 2251; x_wconf 89' lang='lat' dir='ltr'><strong>durissimus</strong></span> <span class='ocrx_word' id='word_1_153' title='bbox 890 2185 955 2251; x_wconf 91' lang='lat' dir='ltr'><strong>late</strong></span> <span class='ocrx_word' id='word_1_154' title='bbox 974 2188 1107 2257; x_wconf 87' lang='lat' dir='ltr'><strong>effusus</strong></span> <span class='ocrx_word' id='word_1_155' title='bbox 1120 2210 1184 2254; x_wconf 84' lang='lat' dir='ltr'><strong>mu·</strong></span> 
     </span>
     <span class='ocr_line' id='line_1_23' title="bbox 193 2266 1185 2360; baseline 0 -24"><span class='ocrx_word' id='word_1_156' title='bbox 193 2269 272 2357; x_wconf 86' lang='lat' dir='ltr'><strong>gine</strong></span> <span class='ocrx_word' id='word_1_157' title='bbox 305 2266 466 2335; x_wconf 87' lang='lat' dir='ltr'><strong>unduleto</strong></span> <span class='ocrx_word' id='word_1_158' title='bbox 495 2281 592 2353; x_wconf 81' lang='lat' dir='ltr'><strong>erute</strong></span> <span class='ocrx_word' id='word_1_159' title='bbox 623 2267 790 2357; x_wconf 81' lang='lat' dir='ltr'><strong>cingulato</strong></span> <span class='ocrx_word' id='word_1_160' title='bbox 821 2271 985 2360; x_wconf 82' lang='lat' dir='ltr'><strong>purisque</strong></span> <span class='ocrx_word' id='word_1_161' title='bbox 1011 2275 1185 2342; x_wconf 81' lang='lat' dir='ltr'><strong>flavo-un·</strong></span> 
     </span>
     <span class='ocr_line' id='line_1_24' title="bbox 191 2354 1184 2449; baseline -0.003 -26"><span class='ocrx_word' id='word_1_162' title='bbox 191 2355 300 2424; x_wconf 87' lang='lat' dir='ltr'><strong>brinis</strong></span> <span class='ocrx_word' id='word_1_163' title='bbox 321 2354 462 2442; x_wconf 84' lang='lat' dir='ltr'><strong>exiguis.</strong></span> <span class='ocrx_word' id='word_1_164' title='bbox 494 2359 588 2423; x_wconf 85' lang='lat' dir='ltr'><strong>Pers.</strong></span> <span class='ocrx_word' id='word_1_165' title='bbox 610 2378 682 2437; x_wconf 68' lang='lat' dir='ltr'><strong>syn.</strong></span> <span class='ocrx_word' id='word_1_166' title='bbox 692 2378 727 2441; x_wconf 78' lang='lat' dir='ltr'><strong>p.</strong></span> <span class='ocrx_word' id='word_1_167' title='bbox 739 2356 814 2423; x_wconf 79' lang='lat'><strong>543.</strong></span> <span class='ocrx_word' id='word_1_168' title='bbox 837 2357 939 2424; x_wconf 83' lang='lat' dir='ltr'><strong>Fries</strong></span> <span class='ocrx_word' id='word_1_169' title='bbox 952 2370 1036 2444; x_wconf 80' lang='lat' dir='ltr'><strong>syst.</strong></span> <span class='ocrx_word' id='word_1_170' title='bbox 1052 2387 1080 2426; x_wconf 89' lang='lat'><strong>1.</strong></span> <span class='ocrx_word' id='word_1_171' title='bbox 1091 2357 1184 2449; x_wconf 77' lang='lat' dir='ltr'><strong>p-57l·</strong></span> 
     </span>
    </p>

    <p class='ocr_par' dir='ltr' id='par_1_13' title="bbox 137 2439 1183 2534">
     <span class='ocr_line' id='line_1_25' title="bbox 137 2439 1183 2534; baseline -0.006 -23"><span class='ocrx_word' id='word_1_172' title='bbox 137 2439 1183 2534; x_wconf 76' lang='lat' dir='ltr'><strong>Hab.incaudicibusettruncisSalicnmpropetornampassin.</strong></span> 
     </span>
    </p>

    <p class='ocr_par' dir='ltr' id='par_1_14' title="bbox 148 2531 1181 2612">
     <span class='ocr_line' id='line_1_26' title="bbox 148 2531 1181 2612; baseline -0.002 -18"><span class='ocrx_word' id='word_1_173' title='bbox 148 2535 226 2594; x_wconf 87' lang='lat' dir='ltr'><strong>Tam</strong></span> <span class='ocrx_word' id='word_1_174' title='bbox 248 2553 358 2612; x_wconf 85' lang='lat' dir='ltr'><strong>parum</strong></span> <span class='ocrx_word' id='word_1_175' title='bbox 383 2531 531 2607; x_wconf 82' lang='lat' dir='ltr'><strong>elevatus,</strong></span> <span class='ocrx_word' id='word_1_176' title='bbox 552 2541 588 2590; x_wconf 86' lang='lat' dir='ltr'><strong>ut</strong></span> <span class='ocrx_word' id='word_1_177' title='bbox 608 2532 726 2610; x_wconf 81' lang='lat' dir='ltr'><strong>lignum</strong></span> <span class='ocrx_word' id='word_1_178' title='bbox 746 2533 810 2592; x_wconf 82' lang='lat' dir='ltr'><strong>fere</strong></span> <span class='ocrx_word' id='word_1_179' title='bbox 829 2535 1029 2595; x_wconf 87' lang='lat' dir='ltr'><strong>solummodo</strong></span> <span class='ocrx_word' id='word_1_180' title='bbox 1049 2537 1181 2603; x_wconf 68' lang='lat' dir='ltr'><strong>incrustet</strong></span> 
     </span>
    </p>

    <p class='ocr_par' dir='ltr' id='par_1_15' title="bbox 107 2618 1181 2699">
     <span class='ocr_line' id='line_1_27' title="bbox 107 2618 1181 2699; baseline -0.004 -18"><span class='ocrx_word' id='word_1_181' title='bbox 107 2621 161 2680; x_wconf 87' lang='lat' dir='ltr'><strong>sed</strong></span> <span class='ocrx_word' id='word_1_182' title='bbox 183 2631 287 2681; x_wconf 79' lang='lat' dir='ltr'><strong>crustu</strong></span> <span class='ocrx_word' id='word_1_183' title='bbox 316 2618 492 2696; x_wconf 84' lang='lat' dir='ltr'><strong>durissime,</strong></span> <span class='ocrx_word' id='word_1_184' title='bbox 525 2620 707 2699; x_wconf 85' lang='lat' dir='ltr'><strong>plerumque</strong></span> <span class='ocrx_word' id='word_1_185' title='bbox 737 2629 855 2680; x_wconf 83' lang='lat' dir='ltr'><strong>tantum</strong></span> <span class='ocrx_word' id='word_1_186' title='bbox 878 2619 952 2682; x_wconf 86' lang='lat' dir='ltr'><strong>duas</strong></span> <span class='ocrx_word' id='word_1_187' title='bbox 972 2623 1073 2682; x_wconf 85' lang='lat' dir='ltr'><strong>lineas</strong></span> <span class='ocrx_word' id='word_1_188' title='bbox 1098 2638 1181 2688; x_wconf 76' lang='lat' dir='ltr'><strong>crassa,</strong></span> 
     </span>
    </p>

    <p class='ocr_par' dir='ltr' id='par_1_16' title="bbox 105 2705 1178 2788">
     <span class='ocr_line' id='line_1_28' title="bbox 105 2705 1178 2788; baseline -0.001 -22"><span class='ocrx_word' id='word_1_189' title='bbox 105 2716 171 2769; x_wconf 84' lang='lat' dir='ltr'><strong>tote</strong></span> <span class='ocrx_word' id='word_1_190' title='bbox 196 2707 261 2766; x_wconf 80' lang='lat' dir='ltr'><strong>lere</strong></span> <span class='ocrx_word' id='word_1_191' title='bbox 285 2705 401 2767; x_wconf 88' lang='lat' dir='ltr'><strong>tubulis</strong></span> <span class='ocrx_word' id='word_1_192' title='bbox 431 2705 641 2765; x_wconf 86' lang='lat' dir='ltr'><strong>minutissimis</strong></span> <span class='ocrx_word' id='word_1_193' title='bbox 669 2708 843 2781; x_wconf 83' lang='lat' dir='ltr'><strong>constituta,</strong></span> <span class='ocrx_word' id='word_1_194' title='bbox 877 2728 1014 2788; x_wconf 88' lang='lat' dir='ltr'><strong>quorum</strong></span> <span class='ocrx_word' id='word_1_195' title='bbox 1044 2719 1133 2770; x_wconf 84' lang='lat' dir='ltr'><strong>strate</strong></span> <span class='ocrx_word' id='word_1_196' title='bbox 1151 2723 1178 2765; x_wconf 81' lang='lat' dir='ltr'><strong>u·</strong></span> 
     </span>
    </p>

    <p class='ocr_par' dir='ltr' id='par_1_17' title="bbox 104 2785 1174 2961">
     <span class='ocr_line' id='line_1_29' title="bbox 106 2785 1174 2872; baseline 0.003 -20"><span class='ocrx_word' id='word_1_197' title='bbox 106 2785 242 2853; x_wconf 84' lang='lat' dir='ltr'><strong>centiore</strong></span> <span class='ocrx_word' id='word_1_198' title='bbox 271 2791 477 2854; x_wconf 77' lang='lat' dir='ltr'><strong>veterioribus</strong></span> <span class='ocrx_word' id='word_1_199' title='bbox 507 2791 595 2871; x_wconf 90' lang='lat' dir='ltr'><strong>quasi</strong></span> <span class='ocrx_word' id='word_1_200' title='bbox 625 2811 719 2870; x_wconf 85' lang='lat' dir='ltr'><strong>supra</strong></span> <span class='ocrx_word' id='word_1_201' title='bbox 748 2793 960 2855; x_wconf 75' lang='lat' dir='ltr'><strong>infunduntur.</strong></span> <span class='ocrx_word' id='word_1_202' title='bbox 1014 2796 1082 2857; x_wconf 86' lang='lat' dir='ltr'><strong>Nec</strong></span> <span class='ocrx_word' id='word_1_203' title='bbox 1109 2798 1174 2872; x_wconf 73' lang='lat' dir='ltr'><strong>itsqll</strong></span> 
     </span>
     <span class='ocr_line' id='line_1_30' title="bbox 104 2879 1149 2961; baseline -0.001 -23"><span class='ocrx_word' id='word_1_204' title='bbox 104 2879 208 2939; x_wconf 88' lang='lat' dir='ltr'><strong>minus</strong></span> <span class='ocrx_word' id='word_1_205' title='bbox 226 2879 316 2960; x_wconf 87' lang='lat' dir='ltr'><strong>longe</strong></span> <span class='ocrx_word' id='word_1_206' title='bbox 340 2888 489 2958; x_wconf 86' lang='lat' dir='ltr'><strong>perennet</strong></span> <span class='ocrx_word' id='word_1_207' title='bbox 511 2899 601 2959; x_wconf 82' lang='lat' dir='ltr'><strong>quam</strong></span> <span class='ocrx_word' id='word_1_208' title='bbox 623 2881 856 2958; x_wconf 74' lang='lat' dir='ltr'><strong>praecedentes,</strong></span> <span class='ocrx_word' id='word_1_209' title='bbox 885 2884 1028 2961; x_wconf 84' lang='lat' dir='ltr'><strong>quamvis</strong></span> <span class='ocrx_word' id='word_1_210' title='bbox 1052 2881 1149 2944; x_wconf 80' lang='lat' dir='ltr'><strong>tenuis.</strong></span> 
     </span>
    </p>

    <p class='ocr_par' dir='ltr' id='par_1_18' title="bbox 105 2959 1177 3031">
     <span class='ocr_line' id='line_1_31' title="bbox 105 2959 1177 3031; baseline -0.002 -5"><span class='ocrx_word' id='word_1_211' title='bbox 105 2962 202 3030; x_wconf 76' lang='lat'><strong>2014.</strong></span> <span class='ocrx_word' id='word_1_212' title='bbox 234 2959 458 3028; x_wconf 83' lang='lat' dir='ltr'><strong>BOLETUS</strong></span> <span class='ocrx_word' id='word_1_213' title='bbox 480 2959 545 3025; x_wconf 83' lang='lat' dir='ltr'><strong>obli</strong></span> <span class='ocrx_word' id='word_1_214' title='bbox 572 2985 653 3026; x_wconf 80' lang='lat' dir='ltr'><strong>uus:</strong></span> <span class='ocrx_word' id='word_1_215' title='bbox 688 2961 871 3027; x_wconf 87' lang='lat' dir='ltr'><strong>latissimus</strong></span> <span class='ocrx_word' id='word_1_216' title='bbox 894 2977 988 3030; x_wconf 87' lang='lat' dir='ltr'><strong>totns</strong></span> <span class='ocrx_word' id='word_1_217' title='bbox 1011 2967 1177 3031; x_wconf 77' lang='lat' dir='ltr'><strong>constitutus</strong></span> 
     </span>
    </p>

    <p class='ocr_par' dir='ltr' id='par_1_19' title="bbox 113 2984 1220 3307">
     <span class='ocr_line' id='line_1_32' title="bbox 113 2984 1218 3139; baseline -0.004 -27"><span class='ocrx_word' id='word_1_218' title='bbox 113 3094 118 3100; x_wconf 88' lang='lat'><em>-</em></span> <span class='ocrx_word' id='word_1_219' title='bbox 215 3046 283 3114; x_wconf 89' lang='lat' dir='ltr'><strong>oris</strong></span> <span class='ocrx_word' id='word_1_220' title='bbox 312 3046 481 3128; x_wconf 79' lang='lat' dir='ltr'><strong>contiguis</strong></span> <span class='ocrx_word' id='word_1_221' title='bbox 504 2984 650 3133; x_wconf 81' lang='lat' dir='ltr'><strong>obliquis</strong></span> <span class='ocrx_word' id='word_1_222' title='bbox 673 3046 838 3135; x_wconf 86' lang='lat' dir='ltr'><strong>spadiceis</strong></span> <span class='ocrx_word' id='word_1_223' title='bbox 857 3049 1031 3139; x_wconf 87' lang='lat' dir='ltr'><strong>aperturis</strong></span> <span class='ocrx_word' id='word_1_224' title='bbox 1056 3048 1176 3118; x_wconf 86' lang='lat' dir='ltr'><strong>denticn·</strong></span> <span class='ocrx_word' id='word_1_225' title='bbox 1215 3127 1218 3138; x_wconf 27' lang='lat' dir='ltr'>y</span> 
     </span>
     <span class='ocr_line' id='line_1_33' title="bbox 187 3070 1220 3227; baseline 0.001 -28"><span class='ocrx_word' id='word_1_226' title='bbox 187 3070 264 3199; x_wconf 68' lang='lat' dir='ltr'><strong>litis</strong></span> <span class='ocrx_word' id='word_1_227' title='bbox 298 3131 449 3198; x_wconf 88' lang='lat' dir='ltr'><strong>minutis.</strong></span> <span class='ocrx_word' id='word_1_228' title='bbox 494 3133 639 3198; x_wconf 78' lang='lat' dir='ltr'><strong>-Swartz</strong></span> <span class='ocrx_word' id='word_1_229' title='bbox 671 3135 695 3199; x_wconf 87' lang='lat' dir='ltr'><strong>l.</strong></span> <span class='ocrx_word' id='word_1_230' title='bbox 718 3161 747 3200; x_wconf 88' lang='lat' dir='ltr'><strong>o.</strong></span> <span class='ocrx_word' id='word_1_231' title='bbox 772 3157 807 3220; x_wconf 81' lang='lat' dir='ltr'><strong>p.</strong></span> <span class='ocrx_word' id='word_1_232' title='bbox 829 3156 882 3221; x_wconf 81' lang='lat'><strong>91.</strong></span> <span class='ocrx_word' id='word_1_233' title='bbox 941 3137 1047 3204; x_wconf 83' lang='lat' dir='ltr'><strong>Fries</strong></span> <span class='ocrx_word' id='word_1_234' title='bbox 1074 3146 1144 3227; x_wconf 80' lang='lat' dir='ltr'><strong>syst.</strong></span> <span class='ocrx_word' id='word_1_235' title='bbox 1159 3149 1177 3194; x_wconf 85' lang='lat'><strong>1·</strong></span> <span class='ocrx_word' id='word_1_236' title='bbox 1218 3159 1220 3163; x_wconf 48' lang='lat'><strong>¹</strong></span> 
     </span>
     <span class='ocr_line' id='line_1_34' title="bbox 186 3208 833 3307; baseline -0.009 -19"><span class='ocrx_word' id='word_1_237' title='bbox 186 3242 224 3307; x_wconf 81' lang='lat' dir='ltr'><strong>p.</strong></span> <span class='ocrx_word' id='word_1_238' title='bbox 248 3216 325 3304; x_wconf 76' lang='lat'><strong>578.</strong></span> <span class='ocrx_word' id='word_1_239' title='bbox 370 3208 428 3283; x_wconf 85' lang='lat' dir='ltr'><em>W</em></span> <span class='ocrx_word' id='word_1_240' title='bbox 425 3217 560 3285; x_wconf 81' lang='lat' dir='ltr'><strong>oblenb.</strong></span> <span class='ocrx_word' id='word_1_241' title='bbox 581 3241 657 3306; x_wconf 80' lang='lat' dir='ltr'><strong>ups.</strong></span> <span class='ocrx_word' id='word_1_242' title='bbox 680 3244 715 3283; x_wconf 86' lang='lat' dir='ltr'><strong>n.</strong></span> <span class='ocrx_word' id='word_1_243' title='bbox 742 3219 833 3286; x_wconf 88' lang='lat'><strong>1060.</strong></span> 
     </span>
    </p>

    <p class='ocr_par' dir='ltr' id='par_1_20' title="bbox 139 3303 1177 3396">
     <span class='ocr_line' id='line_1_35' title="bbox 139 3303 1177 3396; baseline -0.007 -23"><span class='ocrx_word' id='word_1_244' title='bbox 139 3307 230 3373; x_wconf 87' lang='lat' dir='ltr'><strong>Hab.</strong></span> <span class='ocrx_word' id='word_1_245' title='bbox 242 3304 469 3388; x_wconf 89' lang='lat' dir='ltr'><strong>interlignum</strong></span> <span class='ocrx_word' id='word_1_246' title='bbox 478 3306 683 3370; x_wconf 87' lang='lat' dir='ltr'><strong>eteortioem</strong></span> <span class='ocrx_word' id='word_1_247' title='bbox 692 3304 728 3370; x_wconf 92' lang='lat' dir='ltr'><strong>in</strong></span> <span class='ocrx_word' id='word_1_248' title='bbox 740 3305 865 3370; x_wconf 88' lang='lat' dir='ltr'><strong>truncis</strong></span> <span class='ocrx_word' id='word_1_249' title='bbox 873 3307 1063 3374; x_wconf 85' lang='lat' dir='ltr'><strong>Ulmorum</strong></span> <span class='ocrx_word' id='word_1_250' title='bbox 1073 3303 1177 3396; x_wconf 80' lang='lat' dir='ltr'><strong>possint</strong></span> 
     </span>
    </p>

    <p class='ocr_par' dir='ltr' id='par_1_21' title="bbox 146 3393 1178 3476">
     <span class='ocr_line' id='line_1_36' title="bbox 146 3393 1178 3476; baseline 0.002 -24"><span class='ocrx_word' id='word_1_251' title='bbox 146 3395 304 3455; x_wconf 86' lang='lat' dir='ltr'><strong>Crassities</strong></span> <span class='ocrx_word' id='word_1_252' title='bbox 334 3394 401 3475; x_wconf 86' lang='lat' dir='ltr'><strong>ejus</strong></span> <span class='ocrx_word' id='word_1_253' title='bbox 426 3393 556 3473; x_wconf 80' lang='lat' dir='ltr'><strong>duarum</strong></span> <span class='ocrx_word' id='word_1_254' title='bbox 576 3395 742 3468; x_wconf 87' lang='lat' dir='ltr'><strong>linearum,</strong></span> <span class='ocrx_word' id='word_1_255' title='bbox 772 3395 826 3452; x_wconf 87' lang='lat' dir='ltr'><strong>sed</strong></span> <span class='ocrx_word' id='word_1_256' title='bbox 846 3396 1011 3476; x_wconf 87' lang='lat' dir='ltr'><strong>longitudo</strong></span> <span class='ocrx_word' id='word_1_257' title='bbox 1032 3398 1178 3459; x_wconf 79' lang='lat' dir='ltr'><strong>tubulorum</strong></span> 
     </span>
    </p>

    <p class='ocr_par' dir='ltr' id='par_1_22' title="bbox 84 3480 821 3563">
     <span class='ocr_line' id='line_1_37' title="bbox 84 3480 821 3563; baseline -0.003 -23"><span class='ocrx_word' id='word_1_258' title='bbox 84 3481 143 3542; x_wconf 83' lang='lat' dir='ltr'><strong>ob</strong></span> <span class='ocrx_word' id='word_1_259' title='bbox 164 3482 375 3561; x_wconf 80' lang='lat' dir='ltr'><strong>obliquitatem</strong></span> <span class='ocrx_word' id='word_1_260' title='bbox 393 3480 571 3561; x_wconf 84' lang='lat' dir='ltr'><strong>plusquam</strong></span> <span class='ocrx_word' id='word_1_261' title='bbox 594 3481 688 3560; x_wconf 90' lang='lat' dir='ltr'><strong>duplo</strong></span> <span class='ocrx_word' id='word_1_262' title='bbox 713 3483 821 3563; x_wconf 86' lang='lat' dir='ltr'><strong>major.</strong></span> 
     </span>
    </p>

    <p class='ocr_par' dir='ltr' id='par_1_23' title="bbox 102 3559 1178 3824">
     <span class='ocr_line' id='line_1_38' title="bbox 102 3559 1178 3651; baseline -0.008 -20"><span class='ocrx_word' id='word_1_263' title='bbox 102 3565 199 3631; x_wconf 64' lang='lat'>2015.</span> <span class='ocrx_word' id='word_1_264' title='bbox 234 3559 642 3646; x_wconf 24' lang='lat' dir='ltr'><strong>BOLETUSxmedullo</strong></span> <span class='ocrx_word' id='word_1_265' title='bbox 669 3565 792 3651; x_wconf 81' lang='lat' dir='ltr'><strong>ponis:</strong></span> <span class='ocrx_word' id='word_1_266' title='bbox 836 3561 966 3628; x_wconf 87' lang='lat' dir='ltr'><strong>effusus</strong></span> <span class='ocrx_word' id='word_1_267' title='bbox 997 3560 1178 3633; x_wconf 83' lang='lat' dir='ltr'><strong>duriusculn</strong></span> 
     </span>
     <span class='ocr_line' id='line_1_39' title="bbox 188 3646 1178 3737; baseline 0.001 -22"><span class='ocrx_word' id='word_1_268' title='bbox 188 3651 305 3736; x_wconf 82' lang='lat' dir='ltr'><strong>glaber</strong></span> <span class='ocrx_word' id='word_1_269' title='bbox 331 3647 440 3711; x_wconf 84' lang='lat' dir='ltr'><strong>siccus</strong></span> <span class='ocrx_word' id='word_1_270' title='bbox 459 3649 556 3716; x_wconf 86' lang='lat' dir='ltr'><strong>albus</strong></span> <span class='ocrx_word' id='word_1_271' title='bbox 579 3649 733 3736; x_wconf 86' lang='lat' dir='ltr'><strong>margine</strong></span> <span class='ocrx_word' id='word_1_272' title='bbox 755 3647 922 3715; x_wconf 86' lang='lat' dir='ltr'><strong>undulato</strong></span> <span class='ocrx_word' id='word_1_273' title='bbox 946 3652 1093 3732; x_wconf 83' lang='lat' dir='ltr'><strong>elevato,</strong></span> <span class='ocrx_word' id='word_1_274' title='bbox 1111 3646 1178 3737; x_wconf 74' lang='lat' dir='ltr'><strong>polit</strong></span> 
     </span>
     <span class='ocr_line' id='line_1_40' title="bbox 186 3730 1177 3824; baseline -0.001 -26"><span class='ocrx_word' id='word_1_275' title='bbox 186 3731 349 3820; x_wconf 89' lang='lat' dir='ltr'><strong>elongatis</strong></span> <span class='ocrx_word' id='word_1_276' title='bbox 370 3733 575 3822; x_wconf 89' lang='lat' dir='ltr'><strong>plerumque</strong></span> <span class='ocrx_word' id='word_1_277' title='bbox 595 3739 752 3823; x_wconf 88' lang='lat' dir='ltr'><strong>obliquis.</strong></span> <span class='ocrx_word' id='word_1_278' title='bbox 784 3741 809 3800; x_wconf 87' lang='lat' dir='ltr'><strong><em>J</em></strong></span> <span class='ocrx_word' id='word_1_279' title='bbox 811 3757 911 3824; x_wconf 82' lang='lat' dir='ltr'><strong>aequ.</strong></span> <span class='ocrx_word' id='word_1_280' title='bbox 930 3739 1030 3806; x_wconf 87' lang='lat' dir='ltr'><strong>misc.</strong></span> <span class='ocrx_word' id='word_1_281' title='bbox 1046 3758 1113 3824; x_wconf 65' lang='lat' dir='ltr'><strong>up.</strong></span> <span class='ocrx_word' id='word_1_282' title='bbox 1127 3730 1177 3797; x_wconf 80' lang='lat'>141·</span> 
     </span>
    </p>
   </div>
   <div class='ocr_carea' id='block_1_5' title="bbox 187 3817 1151 3922">
    <p class='ocr_par' dir='ltr' id='par_1_24' title="bbox 187 3817 1151 3922">
     <span class='ocr_line' id='line_1_41' title="bbox 187 3817 1151 3922; baseline -0.001 -38"><span class='ocrx_word' id='word_1_283' title='bbox 187 3831 215 3888; x_wconf 83' lang='lat' dir='ltr'><strong>t.</strong></span> <span class='ocrx_word' id='word_1_284' title='bbox 237 3845 287 3894; x_wconf 88' lang='grc'><strong>11.</strong></span> <span class='ocrx_word' id='word_1_285' title='bbox 331 3817 460 3888; x_wconf 83' lang='lat' dir='ltr'><strong>Bellon</strong></span> <span class='ocrx_word' id='word_1_286' title='bbox 480 3833 506 3888; x_wconf 83' lang='lat' dir='ltr'><strong>t.</strong></span> <span class='ocrx_word' id='word_1_287' title='bbox 529 3820 602 3890; x_wconf 87' lang='grc'><strong>166.</strong></span> <span class='ocrx_word' id='word_1_288' title='bbox 621 3822 654 3911; x_wconf 76' lang='lat' dir='ltr'><strong>f.</strong></span> <span class='ocrx_word' id='word_1_289' title='bbox 675 3847 701 3887; x_wconf 80' lang='lat' dir='ltr'><strong>a.</strong></span> <span class='ocrx_word' id='word_1_290' title='bbox 747 3819 851 3888; x_wconf 65' lang='lat' dir='ltr'><strong>tries</strong></span> <span class='ocrx_word' id='word_1_291' title='bbox 874 3835 957 3909; x_wconf 83' lang='lat' dir='ltr'><strong>syst.</strong></span> <span class='ocrx_word' id='word_1_292' title='bbox 980 3840 1011 3922; x_wconf 80' lang='grc'><strong>1.</strong></span> <span class='ocrx_word' id='word_1_293' title='bbox 1034 3847 1069 3914; x_wconf 81' lang='lat' dir='ltr'><strong>p.</strong></span> <span class='ocrx_word' id='word_1_294' title='bbox 1089 3819 1151 3892; x_wconf 81' lang='lat'><strong>580.</strong></span> 
     </span>
    </p>
   </div>
   <div class='ocr_carea' id='block_1_6' title="bbox 0 0 1272 4500">
    <p class='ocr_par' dir='ltr' id='par_1_25' title="bbox 0 0 1272 4500">
     <span class='ocr_line' id='line_1_42' title="bbox 0 0 1272 4500; baseline 0 2"><span class='ocrx_word' id='word_1_295' title='bbox 0 0 1272 4500; x_wconf 95' lang='lat' dir='ltr'><strong> </strong></span> 
     </span>
    </p>
   </div>
  </div>
 </body>
</html>
