2536 4500
267 250 291 374 ζ
389 208 738 347 ⁸orrannum
1049 271 1126 351 us

20 485 33 516 ⁴
99 471 296 541 maximnm
329 471 465 559 partem
490 473 621 540 Sveciae
644 473 782 561 reliqua
808 470 916 563 magis
935 474 1126 543 occidenta-

94 561 134 626 lis
164 583 186 624 a
214 555 402 642 Blekingin
431 569 465 622 et
491 560 614 624 Scania
639 562 679 624 ed
702 561 901 641 Balineum,
933 561 1126 648 Vestrogo·
1177 640 1181 645 ³

94 649 218 721 thiam,
244 642 427 710 Neritiam
450 651 484 709 et
503 645 710 732 Uplandiam
732 647 929 713 interiorem
946 645 999 712 fre
1023 666 1125 727 nenas

94 733 154 798 sed
179 730 265 796 dein
289 729 355 794 vix
376 727 440 795 nisi
472 750 583 819 prope
603 753 700 796 mare
722 733 982 821 septentrionale
1040 732 1126 800 ord·

92 817 221 882 landiae
250 814 395 902 passim.

60 904 178 965 Radicis
201 906 303 963 tuber
324 901 532 984 magnitudine
556 901 679 962 circiter
699 905 785 964 nucis
806 904 980 980 Avellanae,
1002 905 1034 963 in
1051 925 1125 964 cen-

26 1000 66 1050 tro
85 992 215 1053 omnino
244 989 383 1049 solidum
408 999 439 1049 et
462 989 582 1061 album,
606 990 709 1068 potius
730 991 908 1051 dulcescens
927 1014 1019 1072 quam
1038 1010 1123 1050 ama-

25 1078 121 1155 ricans,
144 1078 218 1163 (nec
235 1075 333 1135 Arist.
356 1077 510 1135 fabaceam
532 1072 590 1133 Off.
611 1077 798 1155 suppetiens,
819 1073 901 1137 unde
923 1098 1037 1136 nomeu
1058 1098 1124 1137 var.

25 1166 140 1224 minoris
164 1166 253 1224 male
274 1156 472 1242 desumtum).
518 1159 620 1221 Herba
647 1183 707 1241 qno
728 1163 830 1222 minor
852 1184 888 1222 eo
913 1160 1006 1223 ctiam
1029 1163 1137 1244 magis)

26 1249 212 1331 glaucescens
241 1249 297 1309 vel
321 1249 425 1327 potius
447 1245 546 1307 caesia
567 1245 635 1328 (sub
656 1246 877 1329 glaucescentia
899 1251 1026 1309 obscure
1048 1250 1125 1310 viri-

26 1338 81 1420 dis).
121 1337 216 1398 Folia
239 1335 339 1394 radiis
359 1334 492 1414 aequalis
514 1333 714 1412 longitudinis
735 1336 869 1396 strictius
891 1344 1008 1396 tornata
1031 1356 1124 1417 quum

25 1425 53 1482 in
72 1423 295 1504 praecedente.
345 1419 491 1480 bracteae
520 1420 559 1478 ob
581 1420 709 1480 eandem
738 1422 906 1502 analogiam
930 1442 1051 1482 sursum
1074 1422 1123 1482 la·

26 1511 120 1587 tiores,
160 1531 228 1590 quo
252 1506 389 1590 majores
413 1527 451 1565 eo
472 1505 566 1584 magis
591 1505 680 1566 fissae
707 1508 740 1566 in
764 1509 924 1568 maritimis
950 1522 1024 1585 etc,
1060 1529 1122 1588 quo

29 1597 145 1656 minores
186 1617 228 1654 eo
257 1594 354 1672 magis
381 1593 595 1673 integerrimae
628 1592 661 1651 in
687 1595 841 1654 montanis
871 1595 962 1655 etiam
988 1595 1124 1655 summis.

31 1680 114 1743 llores
133 1683 242 1745 iidem
271 1681 340 1740 fere
368 1696 491 1760 semper
514 1679 850 1755 rubicundo-‘violacei‚
878 1683 934 1742 vix
956 1681 1125 1741 semiuncia
1193 1674 1196 1683 ⁸

26 1768 184 1851 longiores,
206 1766 314 1848 primo
336 1785 411 1826 vere
435 1766 633 1846 prodeuntes.
654 1797 699 1813 -
717 1766 849 1827 Nericiis
876 1760 1069 1831 Nunnetirt.

207 1919 371 1970 onus.
419 1894 931 1970 OCTANDRIA.

296 2019 373 2086 286.
419 2020 841 2089 POLYGALA.

26 2110 152 2182 trapa
163 2115 198 2164 ed
216 2108 1123 2187 senaa1155.nmns.fl.fr.3.p.455.cana.sr.1.p.294.1.52

27 2191 121 2288 Calyx
147 2187 417 2279 pentaphyllus‚
439 2188 641 2275 persistens:
676 2188 801 2254 foliolis
824 2187 955 2252 duobus
977 2189 1121 2257 interio-

56 2277 144 2340 nbus
174 2273 370 2357 majoribus
392 2275 543 2362 primum
564 2275 740 2348 coloratis,
762 2276 900 2338 demum
918 2273 1123 2341 virescenti-

55 2360 112 2426 bus
142 2357 384 2447 grandelactis
413 2358 582 2446 capsulam
610 2359 739 2424 alarum
760 2360 865 2424 instar
884 2361 1120 2446 amplectenti·

55 2448 123 2512 bus.
177 2445 324 2509 Corolla
363 2445 444 2508 tubo
483 2467 585 2528 supra
615 2444 693 2510 fisso
723 2444 856 2510 inferne
889 2446 1120 2514 staminiferos

62 2530 159 2594 limbo
194 2529 314 2597 trifido
326 2555 336 2609 3
370 2530 459 2596 labio
483 2529 602 2593 infimo
631 2530 788 2593 antheras
818 2528 1025 2611 includente,
1060 2556 1120 2598 su-

63 2637 161 2703 perne
194 2616 337 2680 cristato
368 2613 436 2701 (vel
465 2615 499 2679 in
523 2623 612 2700 spec.
644 2627 730 2680 extr.
754 2614 924 2701 imberbi).
972 2617 1120 2704 Capsnla
1188 2662 1191 2667 -

56 2703 261 2780 obcordata,
296 2701 516 2778 bilocularissss
533 2699 765 2767 loculameutis
791 2723 911 2765 monos
939 2706 1050 2768 ermis.
1075 2739 1119 2754 -

54 2788 196 2854 Herbae
226 2786 349 2850 rudr'ce
374 2787 519 2871 perenni
526 2835 534 2864 ‚
557 2784 663 2884 soliis
687 2786 846 2851 indivisis
868 2723 1119 2877 sulintegerri·

55 2875 118 2938 mis
141 2873 314 2947 alternis,
339 2869 426 2957 flore
455 2872 585 2959 (Svecss
606 2870 942 2958 Korsblnmma)
973 2887 1005 2938 et
1033 2898 1118 2962 enp-

54 2962 129 3024 sula
161 2957 256 3024 ord.
289 2969 361 3020 unt.
390 2978 441 3022 22.
467 2956 728 3023 Personntis
758 2959 906 3036 similes,
934 2959 995 3024 sed
1012 2961 1118 3026 semi-

39 3047 151 3194 8rubus
173 3046 297 3195 potiens
321 3041 574 3108 Tricoccurnm.
609 3088 612 3095 ,

22 3149 37 3212 y
93 3219 158 3292 sis,
182 3215 261 3298 alis·
278 3213 442 3298 calycinis
465 3216 625 3278 corollam
652 3213 958 3277 subexcetlentibus
976 3214 1117 3280 demum

93 3305 240 3391 capsula
272 3295 548 3364 sessiti'obovata
571 3299 795 3381 longioribus,
831 3297 920 3360 loliis
942 3298 1117 3364 inferiori-

93 3392 154 3456 bus
178 3385 384 3453 lanceolatis
405 3385 519 3449 acutis.
566 3385 671 3448 Lien.
697 3408 781 3448 svac.
807 3408 839 3447 n.
864 3385 937 3449 652.
963 3408 1049 3471 spec.
1067 3387 1116 3470 pl.

89 3477 139 3541 ed.
163 3471 292 3538 Willcl.
315 3471 346 3534 5.
370 3493 403 3556 p.
426 3471 499 3536 875.
532 3469 699 3533 Danau.
717 3471 836 3554 prodr.
854 3480 925 3533 irat.
947 3464 974 3535 12
989 3494 1026 3556 p.
1041 3471 1115 3537 524.

90 3563 188 3628 Flor.
218 3557 319 3622 Dan.
345 3565 372 3621 d.
394 3555 467 3618 516.
1159 3588 1162 3593 >

44 3646 132 3715 -Hab,
158 3650 197 3713 in
224 3641 366 3732 pascuis
388 3651 422 3702 et
439 3641 542 3726 pratis
563 3639 758 3703 siccioribus
779 3636 850 3702 sere
870 3638 970 3701 totins
989 3639 1115 3709 Sveciae

86 3739 157 3802 scil.
185 3758 208 3798 a
235 3728 362 3795 Scania
385 3725 424 3788 ad
449 3726 702 3792 Vermlaudiam
725 3724 931 3811 superiorem
952 3735 985 3789 et
1003 3725 1116 3791 Norr-

86 3823 242 3894 badjam
268 3815 484 3904 frequenter.
978 3826 980 3830 “

194 3129 390 3194 ,YGALA
414 3129 590 3216 vulgaris:
622 3115 761 3192 lloribus
789 3115 931 3192 'cristulis
961 3149 1118 3192 racemo·
1183 3152 1186 3157 ·
1228 3196 1231 3202 ,
